@article{example-citation,
    abstract = {{We describe a set of best practices for scientific software development, based on research and experience, that will improve scientists' productivity and the reliability of their software.}},
    author = {Anne Author},
    doi = {10.xxxx/example.example.0001},
    journal = {Journal of Classic Examples},
    keywords = {stuff},
    month = jan,
    number = {1},
    pages = {e1001745+},
    pmcid = {PMC3886731},
    pmid = {24415924},
    posted-at = {1970-01-01 00:00:01},
    publisher = {Public Library of Science},
    title = {{Example Journal Paper Title}},
    url = {http://dx.doi.org/10.xxx/example.example.0001},
    volume = {1},
    year = {1970}
}
@incollection{alexander2014image,
	title={Image quality transfer via random forest regression: applications in diffusion {MRI}},
	author={Alexander, Daniel C and et al.},
	booktitle={MICCAI 2014},
	pages={225--232},
	year={2014},
	publisher={Springer}
}
@book{criminisi2013decision,
	title={Decision forests for computer vision and medical image analysis},
	author={Criminisi, Antonio and Shotton, Jamie},
	year={2013},
	publisher={Springer}
}
@article{mackay1992bayesian,
	title={Bayesian interpolation},
	author={MacKay, David JC},
	journal={Neural computation},
	volume={4},
	number={3},
	pages={415--447},
	year={1992},
	publisher={MIT Press}
}
@article{wang2004image,
  title={Image quality assessment: from error visibility to structural similarity},
  author={Wang, Zhou and Bovik, Alan Conrad and Sheikh, Hamid Rahim and Simoncelli, Eero P},
  journal={IEEE Trans Image Proc},
  volume={13},
  number={4},
  year={2004},
  publisher={IEEE}
}
@article{alexander2001analysis,
  title={Analysis of partial volume effects in diffusion-tensor {MRI}},
  author={Alexander, Andrew L and Hasan, Khader M and Lazar, Mariana and Tsuruda, Jay S and Parker, Dennis L},
  journal={MR in Medicine},
  volume={45},
  number={5},
  year={2001},
  publisher={Wiley Online Library}
}
@article{oouchi2007diffusion,
  title={Diffusion anisotropy measurement of brain white matter is affected by voxel size: underestimation occurs in areas with crossing fibers},
  author={Oouchi, H and Yamada, K and Sakai, K and Kizu, O and Kubota, T and Ito, H and Nishimura, T},
  journal={American Journal of Neuroradiology},
  volume={28},
  number={6},
  pages={1102--1106},
  year={2007},
  publisher={Am Soc Neuroradiology}
}
@article{wang2014sparse,
	title={Sparse representation-based {MRI} super-resolution reconstruction},
	author={Wang, Yun-Heng and Qiao, Jiaqing and Li, Jun-Bao and Fu, Ping and Chu, Shu-Chuan and Roddick, John F},
	journal={Measurement},
	volume={47},
	year={2014},
	publisher={Elsevier}
}
@article{rueda2013single,
	title={Single-image super-resolution of brain {MR} images using overcomplete dictionaries},
	author={Rueda, Andrea and Malpica, Norberto and Romero, Eduardo},
	journal={MIA},
	volume={17},
	number={1},
	pages={113--132},
	year={2013},
	publisher={Elsevier}
}
@article{rousseau2006registration,
	title={Registration-based approach for reconstruction of high-resolution in utero fetal {MR} brain images},
	author={Rousseau, Francois and Glenn, Orit A and Iordanova, Bistra and Rodriguez-Carranza, Claudia and Vigneron, Daniel B and Barkovich, James A and Studholme, Colin},
	journal={Academic radiology},
	volume={13},
	number={9},
	pages={1072--1081},
	year={2006},
	publisher={Elsevier}
}
@article{scherrer2012super,
	title={Super-resolution reconstruction to increase the spatial resolution of diffusion weighted images from orthogonal anisotropic acquisitions},
	author={Scherrer, Benoit and Gholipour, Ali and Warfield, Simon K},
	journal={Medical image analysis},
	volume={16},
	number={7},
	pages={1465--1476},
	year={2012},
	publisher={Elsevier}
}
@article{poot2013super,
	title={Super-resolution for multislice diffusion tensor imaging},
	author={Poot, Dirk HJ and et al.},
	journal={Mag. Res. Med.},
	volume={69},
	number={1},
	pages={103--113},
	year={2013},
	publisher={Wiley Online Library}
}
@incollection{rousseau2008brain,
	title={Brain hallucination},
	author={Rousseau, Fran{\c{c}}ois},
	booktitle={ECCV 2008},
	pages={497--508},
	year={2008},
	publisher={Springer}
}


@article{rueda2013single,
	title={Single-image super-resolution of brain {MR} images using overcomplete dictionaries},
	author={Rueda, Andrea and Malpica, Norberto and Romero, Eduardo},
	journal={Medical image analysis},
	volume={17},
	number={1},
	pages={113--132},
	year={2013},
	publisher={Elsevier}
}
@article{coupe2013collaborative,
	title={Collaborative patch-based super-resolution for diffusion-weighted images},
	author={Coup{\'e}, Pierrick, and et al.},
	journal={NeuroImage},
	volume={83},
	pages={245--261},
	year={2013},
	publisher={Elsevier}
}
@article{sotiropoulos2013advances,
	title={Advances in diffusion {MRI} acquisition and processing in the Human Connectome Project},
	author={Sotiropoulos, Stamatios N and et al.},
	journal={Neuroimage},
	volume={80},
	pages={125--143},
	year={2013},
	publisher={Elsevier}
}
@article{breiman2001random,
	title={Random forests},
	author={Breiman, Leo},
	journal={Machine learning},
	volume={45},
	number={1},
	pages={5--32},
	year={2001},
	publisher={Springer}
}
@article{metzler2014csf,
	title={{CSF} contamination contributes to apparent microstructural alterations in mild cognitive impairment},
	author={Rok Berlot, Metzler-Baddeley, Claudia and Jones, Derek K and O'Sullivan, Michael J and others},
	journal={Neuroimage},
	volume={92},
	pages={27--35},
	year={2014},
	publisher={Elsevier}
}

@book{friedman2001elements,
  title={The elements of statistical learning},
  author={Friedman, Jerome and Hastie, Trevor and Tibshirani, Robert},
  volume={1},
  year={2001},
  publisher={Springer series in statistics Springer, Berlin}
}
@article{honey2010can,
  title={Can structure predict function in the human brain?},
  author={Honey, Christopher J and Thivierge, Jean-Philippe and Sporns, Olaf},
  journal={Neuroimage},
  volume={52},
  number={3},
  pages={766--776},
  year={2010},
  publisher={Elsevier}
}
@article{pajevic1999color,
  title={Color schemes to represent the orientation of anisotropic tissues from diffusion tensor data: application to white matter fiber tract mapping in the human brain},
  author={Pajevic, Sinisa and Pierpaoli, Carlo and others},
  journal={Magnetic resonance in medicine},
  volume={42},
  number={3},
  pages={526--540},
  year={1999}
}
@article{sotiropoulos2013rubix,
  title={RubiX: combining spatial resolutions for Bayesian inference of crossing fibers in diffusion {MRI}},
  author={Sotiropoulos, Stamatios N and Jbabdi, Saad and Andersson, Jesper L and Woolrich, Mark W and Ugurbil, Kamil and Behrens, Timothy EJ},
  journal={IEEE transactions on medical imaging},
  volume={32},
  number={6},
  pages={969--982},
  year={2013},
  publisher={IEEE}
}
@incollection{ning2015,
	title={A compressed-sensing approach for super-resolution reconstruction of diffusion {MRI}},
	author={L Ning, K. Setsompop, O. Mikhailovich, N. Makris, C-F Westin, and Y Rathi},
	booktitle={IPMI 2015},
	pages={57--68},
	year={2015},
	publisher={Springer}
}
@article{steenkiste2016super,
  title={Super-resolution reconstruction of diffusion parameters from diffusion-weighted images with different slice orientations},
  author={Steenkiste, Gwendolyn and Jeurissen, Ben and Veraart, Jelle and den Dekker, Arnold J and Parizel, Paul M and Poot, Dirk HJ and Sijbers, Jan},
  journal={Magnetic resonance in medicine},
  volume={75},
  number={1},
  pages={181--195},
  year={2016},
  publisher={Wiley Online Library}
}
@incollection{yoldemir2014dictionary,
  title={Dictionary Based Super-Resolution for Diffusion {MRI}},
  author={Yoldemir, Burak and Bajammal, Mohammad and Abugharbieh, Rafeef},
  booktitle={Computational Diffusion MRI},
  pages={203--213},
  year={2014},
  publisher={Springer}
}
@article{zhang2012noddi,
  title={{NODDI}: practical in vivo neurite orientation dispersion and density imaging of the human brain},
  author={Zhang, Hui and Schneider, Torben and Wheeler-Kingshott, Claudia A and Alexander, Daniel C},
  journal={Neuroimage},
  volume={61},
  number={4},
  pages={1000--1016},
  year={2012},
  publisher={Elsevier}
}
@article{kaden2015quantitative,
  title={Quantitative mapping of the per-axon diffusion coefficients in brain white matter},
  author={Kaden, Enrico and Kruggel, Frithjof and Alexander, Daniel C},
  journal={Magnetic resonance in medicine},
  year={2015},
  publisher={Wiley Online Library}
}
@article{assaf2013connect,
  title={The {CONNECT} project: combining macro-and micro-structure},
  author={Assaf, Yaniv and Alexander, Daniel C and Jones, Derek K and Bizzi, Albero and Behrens, Tim EJ and Clark, Chris A and Cohen, Yoram and Dyrby, Tim B and Huppi, Petra S and Knoesche, Thomas R and others},
  journal={Neuroimage},
  volume={80},
  pages={273--282},
  year={2013},
  publisher={Elsevier}
}
@inproceedings{ye2013modality,
  title={Modality propagation: coherent synthesis of subject-specific scans with data-driven regularization},
  author={Ye, Dong Hye and Zikic, Darko and Glocker, Ben and Criminisi, Antonio and Konukoglu, Ender},
  booktitle={International Conference on Medical Image Computing and Computer-Assisted Intervention},
  pages={606--613},
  year={2013},
  organization={Springer}
}
@article{jog2015mr,
  title={{MR} image synthesis by contrast learning on neighborhood ensembles},
  author={Jog, Amod and Carass, Aaron and Roy, Snehashis and Pham, Dzung L and Prince, Jerry L},
  journal={Medical image analysis},
  volume={24},
  number={1},
  pages={63--76},
  year={2015},
  publisher={Elsevier}
}
@inproceedings{burgos2015robust,
  title={Robust {CT} synthesis for radiotherapy planning: Application to the head and neck region},
  author={Burgos, Ninon and Cardoso, M Jorge and Guerreiro, Filipa and Veiga, Catarina and Modat, Marc and McClelland, Jamie and Knopf, Antje-Christin and Punwani, Shonit and Atkinson, David and Arridge, Simon R and others},
  booktitle={International Conference on Medical Image Computing and Computer-Assisted Intervention},
  pages={476--484},
  year={2015},
  organization={Springer}
}
@article{wein2008automatic,
  title={Automatic {CT}-ultrasound registration for diagnostic imaging and image-guided intervention},
  author={Wein, Wolfgang and Brunke, Shelby and Khamene, Ali and Callstrom, Matthew R and Navab, Nassir},
  journal={Medical image analysis},
  volume={12},
  number={5},
  pages={577--585},
  year={2008},
  publisher={Elsevier}
}
@article{behrens2007probabilistic,
  title={Probabilistic diffusion tractography with multiple fibre orientations: What can we gain?},
  author={Behrens, TEJ and Berg, H Johansen and Jbabdi, Saad and Rushworth, MFS and Woolrich, MW},
  journal={Neuroimage},
  volume={34},
  number={1},
  pages={144--155},
  year={2007},
  publisher={Elsevier}
}
@article{parker2005probabilistic,
  title={Probabilistic anatomical connectivity derived from the microscopic persistent angular structure of cerebral tissue},
  author={Parker, Geoffrey JM and Alexander, Daniel C},
  journal={Philosophical Transactions of the Royal Society of London B: Biological Sciences},
  volume={360},
  number={1457},
  pages={893--902},
  year={2005},
  publisher={The Royal Society}
}
@article{ozarslan2013mean,
  title={Mean apparent propagator {MRI}: a novel diffusion imaging method for mapping tissue microstructure},
  author={{\"O}zarslan, Evren and Koay, Cheng Guan and Shepherd, Timothy M and Komlosh, Michal E and {\.I}rfano{\u{g}}lu, M Okan and Pierpaoli, Carlo and Basser, Peter J},
  journal={NeuroImage},
  volume={78},
  pages={16--32},
  year={2013},
  publisher={Elsevier}
}
@inproceedings{auro2015monkey,
  title={Generalisability of Image Quality Transfer: Can we approximate in-vivo human brains from dead monkey brains?},
  author={Ghosh, A and Wottschel, V and Kaden, E and Zhang, H and Sotiropoulos, S N and Zikic, D and Dyrby, T B and Criminisi, Antonio and Alexander, Daniel C},
  booktitle={Intl Society for Magnetic Resonance in Medicine (ISMRM)},
  year={2016},
}
@inproceedings{alexander2015tract,
  title={Image quality transfer benefits tractography of low-resolution data},
  author={Alexander, Daniel C and Ghosh, Aurobrata and Hurley, Samuel A and Sotiropoulos, Stamatios N},
  booktitle={Intl Society for Magnetic Resonance in Medicine (ISMRM)},
  year={2016},
}
@article{graham2016realistic,
  title={Realistic simulation of artefacts in diffusion {MRI} for validating post-processing correction techniques},
  author={Graham, Mark S and Drobnjak, Ivana and Zhang, Hui},
  journal={NeuroImage},
  volume={125},
  pages={1079--1094},
  year={2016},
  publisher={Elsevier}
}
@article{manjon2010non,
  title={Non-local {MRI} upsampling},
  author={Manj{\'o}n, Jos{\'e} V and Coup{\'e}, Pierrick and Buades, Antonio and Fonov, Vladimir and Collins, D Louis and Robles, Montserrat},
  journal={Medical image analysis},
  volume={14},
  number={6},
  pages={784--792},
  year={2010},
  publisher={Elsevier}
}
@article{freeman2011markov,
  title={Markov random fields for super-resolution and texture synthesis},
  author={Freeman, WT and Liu, Ce},
  journal={Advances in Markov Random Fields for Vision and Image Processing},
  volume={1},
  pages={155--165},
  year={2011},
  publisher={Cambridge, MA, USA: MIT Press}
}
@book{li2009markov,
  title={Markov random field modeling in image analysis},
  author={Li, Stan Z},
  year={2009},
  publisher={Springer Science \& Business Media}
}
@article{ma2013magnetic,
  title={Magnetic resonance fingerprinting},
  author={Ma, Dan and Gulani, Vikas and Seiberlich, Nicole and Liu, Kecheng and Sunshine, Jeffrey L and Duerk, Jeffrey L and Griswold, Mark A},
  journal={Nature},
  volume={495},
  number={7440},
  pages={187--192},
  year={2013},
  publisher={Nature Publishing Group}
}
@article{coppooverview,
  title={Overview of Magnetic Resonance Fingerprinting},
  author={Coppo, Simone and Mehta, Bhairav B and McGivney, Debra and Ma, Dan and Chen, Yong and Jiang, Yun and Hamilton, Jesse and Pahwa, Shivani and Badve, Chaitra and Seiberlich, Nicole and others}
}
@article{mcgivney2014svd,
  title={{SVD} compression for magnetic resonance fingerprinting in the time domain},
  author={McGivney, Debra F and Pierre, Eric and Ma, Dan and Jiang, Yun and Saybasili, Haris and Gulani, Vikas and Griswold, Mark A},
  journal={IEEE transactions on medical imaging},
  volume={33},
  number={12},
  pages={2311--2322},
  year={2014},
  publisher={IEEE}
}
@article{konukoglu2013neighbourhood,
  title={Neighbourhood approximation using randomized forests},
  author={Konukoglu, Ender and Glocker, Ben and Zikic, Darko and Criminisi, Antonio},
  journal={Medical image analysis},
  volume={17},
  number={7},
  pages={790--804},
  year={2013},
  publisher={Elsevier}
}
@article{hinton2006reducing,
  title={Reducing the dimensionality of data with neural networks},
  author={Hinton, Geoffrey E and Salakhutdinov, Ruslan R},
  journal={Science},
  volume={313},
  number={5786},
  pages={504--507},
  year={2006},
  publisher={American Association for the Advancement of Science}
}
@inproceedings{shotton2013decision,
  title={Decision jungles: Compact and rich models for classification},
  author={Shotton, Jamie and Sharp, Toby and Kohli, Pushmeet and Nowozin, Sebastian and Winn, John and Criminisi, Antonio},
  booktitle={Advances in Neural Information Processing Systems},
  pages={234--242},
  year={2013}
}
@inproceedings{lee2009convolutional,
  title={Convolutional deep belief networks for scalable unsupervised learning of hierarchical representations},
  author={Lee, Honglak and Grosse, Roger and Ranganath, Rajesh and Ng, Andrew Y},
  booktitle={Proceedings of the 26th annual international conference on machine learning},
  pages={609--616},
  year={2009},
  organization={ACM}
}
@article{kamnitsas2015multi,
  title={Multi-Scale 3D Convolutional Neural Networks for Lesion Segmentation in Brain {MRI}},
  author={Kamnitsas, Konstantinos and Chen, Liang and Ledig, Christian and Rueckert, Daniel and Glocker, Ben},
  journal={Ischemic Stroke Lesion Segmentation},
  pages={13},
  year={2015}
}
@article{bishop2006pattern,
  title={Pattern recognition},
  author={Bishop, Christopher M},
  journal={Machine Learning},
  volume={128},
  year={2006}
}
@inproceedings{tanno2016bayesian,
  title={Bayesian image quality transfer},
  author={Tanno, Ryutaro and Ghosh, Aurobrata and Grussu, Francesco and Kaden, Enrico and Criminisi, Antonio and Alexander, Daniel C},
  booktitle={International Conference on Medical Image Computing and Computer-Assisted Intervention},
  pages={265--273},
  year={2016},
  organization={Springer}
}
@article{ozarslan2013mean,
  title={Mean apparent propagator (MAP) MRI: a novel diffusion imaging method for mapping tissue microstructure},
  author={{\"O}zarslan, Evren and Koay, Cheng Guan and Shepherd, Timothy M and Komlosh, Michal E and {\.I}rfano{\u{g}}lu, M Okan and Pierpaoli, Carlo and Basser, Peter J},
  journal={NeuroImage},
  volume={78},
  pages={16--32},
  year={2013},
  publisher={Elsevier}
}

@inproceedings{yang2016fast,
	title={Fast Predictive Image Registration},
	author={Yang, Xiao and Kwitt, Roland and Niethammer, Marc},
	booktitle={MICCAI DLDLM Workshop},
	pages={48--57},
	year={2016},
	organization={Springer}
}

@inproceedings{tournier2010improved,
	title={Improved probabilistic streamlines tractography by 2nd order integration over fibre orientation distributions},
	author={Tournier, JD and Calamante, F and Connelly, A},
	booktitle={ISMRM},
	pages={1670},
	year={2010}
}

@article{mcdonagh2017context,
	title={Context-Sensitive Super-Resolution for Fast Fetal Magnetic Resonance Imaging},
	author={McDonagh, Steven and Hou, Benjamin and Kamnitsas, Konstantinos and Oktay, Ozan and Alansary, Amir and Kainz, Bernhard},
	journal={arXiv preprint arXiv:1703.00035},
	year={2017}
}

@article{alexander2017image,
  title={Image quality transfer and applications in diffusion MRI},
  author={Alexander, Daniel C and Zikic, Darko and Ghosh, Aurobrata and Tanno, Ryutaro and Wottschel, Viktor and Zhang, Jiaying and Kaden, Enrico and Dyrby, Tim B and Sotiropoulos, Stamatios N and Zhang, Hui and others},
  journal={Neuroimage},
  volume={152},
  pages={283--298},
  year={2017},
  publisher={Elsevier}
}

@article{shen2017deep,
  title={Deep learning in medical image analysis},
  author={Shen, Dinggang and Wu, Guorong and Suk, Heung-Il},
  journal={Annual review of biomedical engineering},
  volume={19},
  pages={221--248},
  year={2017},
  publisher={Annual Reviews}
}

@article{litjens2017survey,
  title={A survey on deep learning in medical image analysis},
  author={Litjens, Geert and Kooi, Thijs and Bejnordi, Babak Ehteshami and Setio, Arnaud Arindra Adiyoso and Ciompi, Francesco and Ghafoorian, Mohsen and van der Laak, Jeroen AWM and van Ginneken, Bram and S{\'a}nchez, Clara I},
  journal={Medical image analysis},
  volume={42},
  pages={60--88},
  year={2017},
  publisher={Elsevier}
}

@article{kamnitsas2017efficient,
  title={Efficient multi-scale 3D CNN with fully connected CRF for accurate brain lesion segmentation},
  author={Kamnitsas, Konstantinos and Ledig, Christian and Newcombe, Virginia FJ and Simpson, Joanna P and Kane, Andrew D and Menon, David K and Rueckert, Daniel and Glocker, Ben},
  journal={Medical image analysis},
  volume={36},
  pages={61--78},
  year={2017},
  publisher={Elsevier}
}

@article{der2009aleatory,
  title={Aleatory or epistemic? Does it matter?},
  author={Der Kiureghian, Armen and Ditlevsen, Ove},
  journal={Structural Safety},
  volume={31},
  number={2},
  pages={105--112},
  year={2009},
  publisher={Elsevier}
}

@inproceedings{tanno2017bayesian,
  title={Bayesian image quality transfer with cnns: Exploring uncertainty in dmri super-resolution},
  author={Tanno, Ryutaro and Worrall, Daniel E and Ghosh, Aurobrata and Kaden, Enrico and Sotiropoulos, Stamatios N and Criminisi, Antonio and Alexander, Daniel C},
  booktitle={International Conference on Medical Image Computing and Computer-Assisted Intervention},
  pages={611--619},
  year={2017},
  organization={Springer}
}

@inproceedings{kendall2017uncertainties,
  title={What uncertainties do we need in bayesian deep learning for computer vision?},
  author={Kendall, Alex and Gal, Yarin},
  booktitle={Advances in Neural Information Processing Systems},
  pages={5580--5590},
  year={2017}
}

@article{araujo2017classification,
  title={Classification of breast cancer histology images using Convolutional Neural Networks},
  author={Ara{\'u}jo, Teresa and Aresta, Guilherme and Castro, Eduardo and Rouco, Jos{\'e} and Aguiar, Paulo and Eloy, Catarina and Pol{\'o}nia, Ant{\'o}nio and Campilho, Aur{\'e}lio},
  journal={PloS one},
  volume={12},
  number={6},
  pages={e0177544},
  year={2017},
  publisher={Public Library of Science}
}

@inproceedings{roth2014new,
  title={A new 2.5 D representation for lymph node detection using random sets of deep convolutional neural network observations},
  author={Roth, Holger R and Lu, Le and Seff, Ari and Cherry, Kevin M and Hoffman, Joanne and Wang, Shijun and Liu, Jiamin and Turkbey, Evrim and Summers, Ronald M},
  booktitle={International Conference on Medical Image Computing and Computer-Assisted Intervention},
  pages={520--527},
  year={2014},
  organization={Springer}
}

@article{schlemper2018deep,
  title={A deep cascade of convolutional neural networks for dynamic MR image reconstruction},
  author={Schlemper, Jo and Caballero, Jose and Hajnal, Joseph V and Price, Anthony N and Rueckert, Daniel},
  journal={IEEE transactions on medical imaging},
  volume={37},
  number={2},
  pages={491--503},
  year={2018},
  publisher={IEEE}
}

@article{leibig2017leveraging,
  title={Leveraging uncertainty information from deep neural networks for disease detection},
  author={Leibig, Christian and Allken, Vaneeda and Ayhan, Murat Se{\c{c}}kin and Berens, Philipp and Wahl, Siegfried},
  journal={Scientific reports},
  volume={7},
  number={1},
  pages={17816},
  year={2017},
  publisher={Nature Publishing Group}
}

@incollection{yang2016fast,
  title={Fast predictive image registration},
  author={Yang, Xiao and Kwitt, Roland and Niethammer, Marc},
  booktitle={Deep Learning and Data Labeling for Medical Applications},
  pages={48--57},
  year={2016},
  publisher={Springer}
}

@inproceedings{sokooti2017nonrigid,
  title={Nonrigid image registration using multi-scale 3D convolutional neural networks},
  author={Sokooti, Hessam and de Vos, Bob and Berendsen, Floris and Lelieveldt, Boudewijn PF and I{\v{s}}gum, Ivana and Staring, Marius},
  booktitle={International Conference on Medical Image Computing and Computer-Assisted Intervention},
  pages={232--239},
  year={2017},
  organization={Springer}
}

@article{benou2017ensemble,
  title={Ensemble of expert deep neural networks for spatio-temporal denoising of contrast-enhanced MRI sequences},
  author={Benou, A and Veksler, R and Friedman, A and Raviv, T Riklin},
  journal={Medical image analysis},
  volume={42},
  pages={145--159},
  year={2017},
  publisher={Elsevier}
}

@article{jin2017deep,
  title={Deep convolutional neural network for inverse problems in imaging},
  author={Jin, Kyong Hwan and McCann, Michael T and Froustey, Emmanuel and Unser, Michael},
  journal={IEEE Transactions on Image Processing},
  volume={26},
  number={9},
  pages={4509--4522},
  year={2017},
  publisher={IEEE}
}

@article{kang2017deep,
  title={A deep convolutional neural network using directional wavelets for low-dose X-ray CT reconstruction},
  author={Kang, Eunhee and Min, Junhong and Ye, Jong Chul},
  journal={Medical physics},
  volume={44},
  number={10},
  year={2017},
  publisher={Wiley Online Library}
}

@article{wu2017fuiqa,
  title={FUIQA: Fetal ultrasound image quality assessment with deep convolutional networks},
  author={Wu, Lingyun and Cheng, Jie-Zhi and Li, Shengli and Lei, Baiying and Wang, Tianfu and Ni, Dong},
  journal={IEEE transactions on cybernetics},
  volume={47},
  number={5},
  pages={1336--1349},
  year={2017},
  publisher={IEEE}
}

@article{esses2018automated,
  title={Automated image quality evaluation of T2-weighted liver MRI utilizing deep learning architecture},
  author={Esses, Steven J and Lu, Xiaoguang and Zhao, Tiejun and Shanbhogue, Krishna and Dane, Bari and Bruno, Mary and Chandarana, Hersh},
  journal={Journal of Magnetic Resonance Imaging},
  volume={47},
  number={3},
  pages={723--728},
  year={2018},
  publisher={Wiley Online Library}
}

@article{zhu2018image,
  title={Image reconstruction by domain-transform manifold learning},
  author={Zhu, Bo and Liu, Jeremiah Z and Cauley, Stephen F and Rosen, Bruce R and Rosen, Matthew S},
  journal={Nature},
  volume={555},
  number={7697},
  pages={487},
  year={2018},
  publisher={Nature Publishing Group}
}

@article{shin2013stacked,
  title={Stacked autoencoders for unsupervised feature learning and multiple organ detection in a pilot study using 4D patient data},
  author={Shin, Hoo-Chang and Orton, Matthew R and Collins, David J and Doran, Simon J and Leach, Martin O},
  journal={IEEE transactions on pattern analysis and machine intelligence},
  volume={35},
  number={8},
  pages={1930--1943},
  year={2013},
  publisher={IEEE}
}

@incollection{nie2016estimating,
  title={Estimating CT image from MRI data using 3D fully convolutional networks},
  author={Nie, Dong and Cao, Xiaohuan and Gao, Yaozong and Wang, Li and Shen, Dinggang},
  booktitle={Deep Learning and Data Labeling for Medical Applications},
  pages={170--178},
  year={2016},
  publisher={Springer}
}

@book{rausand2014reliability,
  title={Reliability of safety-critical systems: theory and applications},
  author={Rausand, Marvin},
  year={2014},
  publisher={John Wiley \& Sons}
}

@article{liel2009incorporating,
  title={Incorporating modeling uncertainties in the assessment of seismic collapse risk of buildings},
  author={Liel, Abbie B and Haselton, Curt B and Deierlein, Gregory G and Baker, Jack W},
  journal={Structural Safety},
  volume={31},
  number={2},
  pages={197--211},
  year={2009},
  publisher={Elsevier}
}
@inproceedings{neklyudov2017structured,
  title={Structured bayesian pruning via log-normal multiplicative noise},
  author={Neklyudov, Kirill and Molchanov, Dmitry and Ashukha, Arsenii and Vetrov, Dmitry P},
  booktitle={Advances in Neural Information Processing Systems},
  pages={6775--6784},
  year={2017}
}
@inproceedings{gal2017concrete,
  title={Concrete dropout},
  author={Gal, Yarin and Hron, Jiri and Kendall, Alex},
  booktitle={Advances in Neural Information Processing Systems},
  pages={3581--3590},
  year={2017}
}
@inproceedings{lakshminarayanan2017simple,
  title={Simple and scalable predictive uncertainty estimation using deep ensembles},
  author={Lakshminarayanan, Balaji and Pritzel, Alexander and Blundell, Charles},
  booktitle={Advances in Neural Information Processing Systems},
  pages={6402--6413},
  year={2017}
}
@article{yang2018dagan,
  title={Dagan: Deep de-aliasing generative adversarial networks for fast compressed sensing mri reconstruction},
  author={Yang, Guang and Yu, Simiao and Dong, Hao and Slabaugh, Greg and Dragotti, Pier Luigi and Ye, Xujiong and Liu, Fangde and Arridge, Simon and Keegan, Jennifer and Guo, Yike and others},
  journal={IEEE transactions on medical imaging},
  volume={37},
  number={6},
  pages={1310--1321},
  year={2018},
  publisher={IEEE}
}
@inproceedings{karayumak2018harmonizing,
  title={Harmonizing Diffusion MRI Data Across Magnetic Field Strengths},
  author={Karayumak, Suheyla Cetin and Kubicki, Marek and Rathi, Yogesh},
  booktitle={International Conference on Medical Image Computing and Computer-Assisted Intervention},
  pages={116--124},
  year={2018},
  organization={Springer}
}
@inproceedings{chen2018efficient,
  title={Efficient and accurate mri super-resolution using a generative adversarial network and 3d multi-level densely connected network},
  author={Chen, Yuhua and Shi, Feng and Christodoulou, Anthony G and Xie, Yibin and Zhou, Zhengwei and Li, Debiao},
  booktitle={International Conference on Medical Image Computing and Computer-Assisted Intervention},
  pages={91--99},
  year={2018},
  organization={Springer}
}
@article{cohen2018distribution,
  title={Distribution Matching Losses Can Hallucinate Features in Medical Image Translation},
  author={Cohen, Joseph Paul and Luck, Margaux and Honari, Sina},
  journal={arXiv preprint arXiv:1805.08841},
  year={2018}
}
@article{hammernik2018learning,
  title={Learning a variational network for reconstruction of accelerated MRI data},
  author={Hammernik, Kerstin and Klatzer, Teresa and Kobler, Erich and Recht, Michael P and Sodickson, Daniel K and Pock, Thomas and Knoll, Florian},
  journal={Magnetic resonance in medicine},
  volume={79},
  number={6},
  pages={3055--3071},
  year={2018},
  publisher={Wiley Online Library}
}
@inproceedings{balakrishnan2018unsupervised,
  title={An Unsupervised Learning Model for Deformable Medical Image Registration},
  author={Balakrishnan, Guha and Zhao, Amy and Sabuncu, Mert R and Guttag, John and Dalca, Adrian V},
  booktitle={Proceedings of the IEEE Conference on Computer Vision and Pattern Recognition},
  pages={9252--9260},
  year={2018}
}
@article{leibig2017leveraging,
  title={Leveraging uncertainty information from deep neural networks for disease detection},
  author={Leibig, Christian and Allken, Vaneeda and Ayhan, Murat Se{\c{c}}kin and Berens, Philipp and Wahl, Siegfried},
  journal={Scientific reports},
  volume={7},
  number={1},
  pages={17816},
  year={2017},
  publisher={Nature Publishing Group}
}
@article{ayhan2018test,
  title={Test-time Data Augmentation for Estimation of Heteroscedastic Aleatoric Uncertainty in Deep Neural Networks},
  author={Ayhan, Murat Seckin and Berens, Philipp},
  year={2018}
}
@article{heo2018uncertainty,
  title={Uncertainty-Aware Attention for Reliable Interpretation and Prediction},
  author={Heo, Jay and Lee, Hae Beom and Kim, Saehoon and Lee, Juho and Kim, Kwang Joon and Yang, Eunho and Hwang, Sung Ju},
  journal={arXiv preprint arXiv:1805.09653},
  year={2018}
}
@inproceedings{nair2018exploring,
  title={Exploring Uncertainty Measures in Deep Networks for Multiple Sclerosis Lesion Detection and Segmentation},
  author={Nair, Tanya and Precup, Doina and Arnold, Douglas L and Arbel, Tal},
  booktitle={International Conference on Medical Image Computing and Computer-Assisted Intervention},
  pages={655--663},
  year={2018},
  organization={Springer}
}
@inproceedings{eaton2018towards,
  title={Towards safe deep learning: accurately quantifying biomarker uncertainty in neural network predictions},
  author={Eaton-Rosen, Zach and Bragman, Felix and Bisdas, Sotirios and Ourselin, S{\'e}bastien and Cardoso, M Jorge},
  booktitle={International Conference on Medical Image Computing and Computer-Assisted Intervention},
  pages={691--699},
  year={2018},
  organization={Springer}
}
@article{oktay2018anatomically,
  title={Anatomically constrained neural networks (ACNNs): application to cardiac image enhancement and segmentation},
  author={Oktay, Ozan and Ferrante, Enzo and Kamnitsas, Konstantinos and Heinrich, Mattias and Bai, Wenjia and Caballero, Jose and Cook, Stuart A and de Marvao, Antonio and Dawes, Timothy and O?Regan, Declan P and others},
  journal={IEEE transactions on medical imaging},
  volume={37},
  number={2},
  pages={384--395},
  year={2018},
  publisher={IEEE}
}
@article{nie2018medical,
  title={Medical Image Synthesis with Deep Convolutional Adversarial Networks},
  author={Nie, Dong and Trullo, Roger and Lian, Jun and Wang, Li and Petitjean, Caroline and Ruan, Su and Wang, Qian and Shen, Dinggang},
  journal={IEEE Transactions on Biomedical Engineering},
  year={2018},
  publisher={IEEE}
}
@inproceedings{wolterink2017deep,
  title={Deep MR to CT synthesis using unpaired data},
  author={Wolterink, Jelmer M and Dinkla, Anna M and Savenije, Mark HF and Seevinck, Peter R and van den Berg, Cornelis AT and I{\v{s}}gum, Ivana},
  booktitle={International Workshop on Simulation and Synthesis in Medical Imaging},
  pages={14--23},
  year={2017},
  organization={Springer}
}
@inproceedings{mahapatra2017image,
  title={Image super resolution using generative adversarial networks and local saliency maps for retinal image analysis},
  author={Mahapatra, Dwarikanath and Bozorgtabar, Behzad and Hewavitharanage, Sajini and Garnavi, Rahil},
  booktitle={International Conference on Medical Image Computing and Computer-Assisted Intervention},
  pages={382--390},
  year={2017},
  organization={Springer}
}
@inproceedings{chen2018efficient,
  title={Efficient and accurate mri super-resolution using a generative adversarial network and 3d multi-level densely connected network},
  author={Chen, Yuhua and Shi, Feng and Christodoulou, Anthony G and Xie, Yibin and Zhou, Zhengwei and Li, Debiao},
  booktitle={International Conference on Medical Image Computing and Computer-Assisted Intervention},
  pages={91--99},
  year={2018},
  organization={Springer}
}
@inproceedings{yu2017computed,
  title={Computed tomography super-resolution using convolutional neural networks},
  author={Yu, Haichao and Liu, Ding and Shi, Honghui and Yu, Hanchao and Wang, Zhangyang and Wang, Xinchao and Cross, Brent and Bramler, Matthew and Huang, Thomas S},
  booktitle={Image Processing (ICIP), 2017 IEEE International Conference on},
  pages={3944--3948},
  year={2017},
  organization={IEEE}
}
@inproceedings{zhao2018deep,
  title={A deep learning based anti-aliasing self super-resolution algorithm for MRI},
  author={Zhao, Can and Carass, Aaron and Dewey, Blake E and Woo, Jonghye and Oh, Jiwon and Calabresi, Peter A and Reich, Daniel S and Sati, Pascal and Pham, Dzung L and Prince, Jerry L},
  booktitle={International Conference on Medical Image Computing and Computer-Assisted Intervention},
  pages={100--108},
  year={2018},
  organization={Springer}
}
@article{zhu2017unpaired,
  title={Unpaired image-to-image translation using cycle-consistent adversarial networks},
  author={Zhu, Jun-Yan and Park, Taesung and Isola, Phillip and Efros, Alexei A},
  journal={arXiv preprint},
  year={2017}
}
@inproceedings{dalca2018unsupervised,
  title={Unsupervised Learning for Fast Probabilistic Diffeomorphic Registration},
  author={Dalca, Adrian V and Balakrishnan, Guha and Guttag, John and Sabuncu, Mert R},
  booktitle={International Conference on Medical Image Computing and Computer-Assisted Intervention},
  year={2018}
}
@inproceedings{schlemper2018stochastic,
  title={Stochastic Deep Compressive Sensing for the Reconstruction of Diffusion Tensor Cardiac MRI},
  author={Schlemper, Jo and Yang, Guang and Ferreira, Pedro and Scott, Andrew and McGill, Laura-Ann and Khalique, Zohya and Gorodezky, Margarita and Roehl, Malte and Keegan, Jennifer and Pennell, Dudley and others},
  booktitle={International Conference on Medical Image Computing and Computer-Assisted Intervention},
  year={2018}
}
@inproceedings{bragman2018uncertainty,
  title={Uncertainty in multitask learning: joint representations for probabilistic MR-only radiotherapy planning},
  author={Bragman, Felix JS and Tanno, Ryutaro and Eaton-Rosen, Zach and Li, Wenqi and Hawkes, David J and Ourselin, Sebastien and Alexander, Daniel C and McClelland, Jamie R and Cardoso, M Jorge},
  booktitle={International Conference on Medical Image Computing and Computer-Assisted Intervention},
  year={2018}
}
@inproceedings{lakshminarayanan2017simple,
  title={Simple and scalable predictive uncertainty estimation using deep ensembles},
  author={Lakshminarayanan, Balaji and Pritzel, Alexander and Blundell, Charles},
  booktitle={Advances in Neural Information Processing Systems},
  pages={6402--6413},
  year={2017}
}
@inproceedings{wu2018deterministic,
  title={Deterministic Variational Inference for Robust Bayesian Neural Networks},
  author={Wu, Anqi and Nowozin, Sebastian and Meeds, Edward and Turner, Richard E and Hernandez-Lobato, Jose Miguel and Gaunt, Alexander L},
  booktitle={International Conference on Learning Representation (ICLR)},
  year={2019}
}
@article{molchanov2017variational,
  title={Variational dropout sparsifies deep neural networks},
  author={Molchanov, Dmitry and Ashukha, Arsenii and Vetrov, Dmitry},
  journal={arXiv preprint arXiv:1701.05369},
  year={2017}
}
@inproceedings{welling2011bayesian,
  title={Bayesian learning via stochastic gradient Langevin dynamics},
  author={Welling, Max and Teh, Yee W},
  booktitle={Proceedings of the 28th International Conference on Machine Learning (ICML-11)},
  pages={681--688},
  year={2011}
}
@inproceedings{chen2014stochastic,
  title={Stochastic gradient hamiltonian monte carlo},
  author={Chen, Tianqi and Fox, Emily and Guestrin, Carlos},
  booktitle={International Conference on Machine Learning},
  pages={1683--1691},
  year={2014}
}
@inproceedings{neal1993bayesian,
  title={Bayesian learning via stochastic dynamics},
  author={Neal, Radford M},
  booktitle={Advances in neural information processing systems},
  pages={475--482},
  year={1993}
}
@inproceedings{ma2015complete,
  title={A complete recipe for stochastic gradient MCMC},
  author={Ma, Yi-An and Chen, Tianqi and Fox, Emily},
  booktitle={Advances in Neural Information Processing Systems},
  pages={2917--2925},
  year={2015}
}
@book{weiss2006course,
  title={A course in probability},
  author={Weiss, Neil A},
  year={2006},
  publisher={Addison-Wesley}
}
@article{bowsher2012identifying,
  title={Identifying sources of variation and the flow of information in biochemical networks},
  author={Bowsher, Clive G and Swain, Peter S},
  journal={Proceedings of the National Academy of Sciences},
  year={2012},
  publisher={National Acad Sciences}
}
@article{van2013wu,
  title={The WU-Minn human connectome project: an overview},
  author={Van Essen, David C and Smith, Stephen M and Barch, Deanna M and Behrens, Timothy EJ and Yacoub, Essa and Ugurbil, Kamil and Wu-Minn HCP Consortium and others},
  journal={Neuroimage},
  volume={80},
  pages={62--79},
  year={2013},
  publisher={Elsevier}
}
@article{glasser2013minimal,
  title={The minimal preprocessing pipelines for the Human Connectome Project},
  author={Glasser, Matthew F and Sotiropoulos, Stamatios N and Wilson, J Anthony and Coalson, Timothy S and Fischl, Bruce and Andersson, Jesper L and Xu, Junqian and Jbabdi, Saad and Webster, Matthew and Polimeni, Jonathan R and others},
  journal={Neuroimage},
  volume={80},
  pages={105--124},
  year={2013},
  publisher={Elsevier}
}
@inproceedings{kingma2013auto,
  title={Auto-encoding variational bayes},
  author={Kingma, Diederik P and Welling, Max},
   booktitle={International Conference on Learning Representations},
  year={2014}
}
@article{basser1994mr,
  title={MR diffusion tensor spectroscopy and imaging},
  author={Basser, Peter J and Mattiello, James and LeBihan, Denis},
  journal={Biophysical journal},
  volume={66},
  number={1},
  pages={259--267},
  year={1994},
  publisher={Elsevier}
}
@inproceedings{abadi2016tensorflow,
  title={Tensorflow: a system for large-scale machine learning.},
  author={Abadi, Mart{\'\i}n and Barham, Paul and Chen, Jianmin and Chen, Zhifeng and Davis, Andy and Dean, Jeffrey and Devin, Matthieu and Ghemawat, Sanjay and Irving, Geoffrey and Isard, Michael and others},
  booktitle={OSDI},
  volume={16},
  pages={265--283},
  year={2016}
}
@article{ioffe2015batch,
  title={Batch normalization: Accelerating deep network training by reducing internal covariate shift},
  author={Ioffe, Sergey and Szegedy, Christian},
  journal={arXiv preprint arXiv:1502.03167},
  year={2015}
}
@article{srivastava2014dropout,
  title={Dropout: a simple way to prevent neural networks from overfitting},
  author={Srivastava, Nitish and Hinton, Geoffrey and Krizhevsky, Alex and Sutskever, Ilya and Salakhutdinov, Ruslan},
  journal={The Journal of Machine Learning Research},
  volume={15},
  number={1},
  pages={1929--1958},
  year={2014},
  publisher={JMLR. org}
}
@article{rao1970estimation,
  title={Estimation of heteroscedastic variances in linear models},
  author={Rao, C Radhakrishna},
  journal={Journal of the American Statistical Association},
  volume={65},
  number={329},
  pages={161--172},
  year={1970},
  publisher={Taylor \& Francis}
}
@article{begoli2019need,
  title={The need for uncertainty quantification in machine-assisted medical decision making},
  author={Begoli, Edmon and Bhattacharya, Tanmoy and Kusnezov, Dimitri},
  journal={Nature Machine Intelligence},
  volume={1},
  number={1},
  pages={20},
  year={2019},
  publisher={Nature Publishing Group}
}
@article{cybenko1989approximation,
  title={Approximation by superpositions of a sigmoidal function},
  author={Cybenko, George},
  journal={Mathematics of control, signals and systems},
  volume={2},
  number={4},
  pages={303--314},
  year={1989},
  publisher={Springer}
}
@inproceedings{isola2017image,
  title={Image-to-image translation with conditional adversarial networks},
  author={Isola, Phillip and Zhu, Jun-Yan and Zhou, Tinghui and Efros, Alexei A},
  booktitle={Proceedings of the IEEE conference on computer vision and pattern recognition},
  pages={1125--1134},
  year={2017}
}
@inproceedings{gal2017deep,
  title={Deep bayesian active learning with image data},
  author={Gal, Yarin and Islam, Riashat and Ghahramani, Zoubin},
  booktitle={Proceedings of the 34th International Conference on Machine Learning-Volume 70},
  pages={1183--1192},
  year={2017},
  organization={JMLR. org}
}
@techreport{bishop1994mixture,
  title={Mixture density networks},
  author={Bishop, Christopher M},
  year={1994},
  institution={Citeseer}
}
@inproceedings{guzman2012multiple,
  title={Multiple choice learning: Learning to produce multiple structured outputs},
  author={Guzman-Rivera, Abner and Batra, Dhruv and Kohli, Pushmeet},
  booktitle={Advances in Neural Information Processing Systems},
  pages={1799--1807},
  year={2012}
}
@inproceedings{kohl2018probabilistic,
  title={A probabilistic u-net for segmentation of ambiguous images},
  author={Kohl, Simon and Romera-Paredes, Bernardino and Meyer, Clemens and De Fauw, Jeffrey and Ledsam, Joseph R and Maier-Hein, Klaus and Eslami, SM Ali and Rezende, Danilo Jimenez and Ronneberger, Olaf},
  booktitle={Advances in Neural Information Processing Systems},
  pages={6965--6975},
  year={2018}
}
@inproceedings{bouchacourt2016disco,
  title={Disco nets: Dissimilarity coefficients networks},
  author={Bouchacourt, Diane and Mudigonda, Pawan K and Nowozin, Sebastian},
  booktitle={Advances in Neural Information Processing Systems},
  pages={352--360},
  year={2016}
}
@article{rezende2015variational,
  title={Variational inference with normalizing flows},
  author={Rezende, Danilo Jimenez and Mohamed, Shakir},
  journal={arXiv preprint arXiv:1505.05770},
  year={2015}
}
@inproceedings{kingma2016improved,
  title={Improved variational inference with inverse autoregressive flow},
  author={Kingma, Durk P and Salimans, Tim and Jozefowicz, Rafal and Chen, Xi and Sutskever, Ilya and Welling, Max},
  booktitle={Advances in neural information processing systems},
  pages={4743--4751},
  year={2016}
}
@inproceedings{papamakarios2017masked,
  title={Masked autoregressive flow for density estimation},
  author={Papamakarios, George and Pavlakou, Theo and Murray, Iain},
  booktitle={Advances in Neural Information Processing Systems},
  pages={2338--2347},
  year={2017}
}
@inproceedings{odena2017conditional,
  title={Conditional image synthesis with auxiliary classifier gans},
  author={Odena, Augustus and Olah, Christopher and Shlens, Jonathon},
  booktitle={Proceedings of the 34th International Conference on Machine Learning-Volume 70},
  pages={2642--2651},
  year={2017},
  organization={JMLR. org}
}
@inproceedings{huang2018multimodal,
  title={Multimodal unsupervised image-to-image translation},
  author={Huang, Xun and Liu, Ming-Yu and Belongie, Serge and Kautz, Jan},
  booktitle={Proceedings of the European Conference on Computer Vision (ECCV)},
  pages={172--189},
  year={2018}
}
@inproceedings{lee2018diverse,
  title={Diverse image-to-image translation via disentangled representations},
  author={Lee, Hsin-Ying and Tseng, Hung-Yu and Huang, Jia-Bin and Singh, Maneesh and Yang, Ming-Hsuan},
  booktitle={Proceedings of the European Conference on Computer Vision (ECCV)},
  pages={35--51},
  year={2018}
}
@inproceedings{chandra2016fast,
  title={Fast, exact and multi-scale inference for semantic image segmentation with deep gaussian crfs},
  author={Chandra, Siddhartha and Kokkinos, Iasonas},
  booktitle={European Conference on Computer Vision},
  pages={402--418},
  year={2016},
  organization={Springer}
}
@article{oh2019radial,
  title={Radial and Directional Posteriors for Bayesian Neural Networks},
  author={Oh, Changyong and Adamczewski, Kamil and Park, Mijung},
  journal={arXiv preprint arXiv:1902.02603},
  year={2019}
}
@inproceedings{louizos2016structured,
  title={Structured and efficient variational deep learning with matrix gaussian posteriors},
  author={Louizos, Christos and Welling, Max},
  booktitle={International Conference on Machine Learning},
  pages={1708--1716},
  year={2016}
}
@article{krueger2017bayesian,
  title={Bayesian hypernetworks},
  author={Krueger, David and Huang, Chin-Wei and Islam, Riashat and Turner, Ryan and Lacoste, Alexandre and Courville, Aaron},
  journal={arXiv preprint arXiv:1710.04759},
  year={2017}
}
@article{zhang2019cyclical,
  title={Cyclical Stochastic Gradient MCMC for Bayesian Deep Learning},
  author={Zhang, Ruqi and Li, Chunyuan and Zhang, Jianyi and Chen, Changyou and Wilson, Andrew Gordon},
  journal={arXiv preprint arXiv:1902.03932},
  year={2019}
}
@article{pawlowski2017implicit,
  title={Implicit weight uncertainty in neural networks},
  author={Pawlowski, Nick and Brock, Andrew and Lee, Matthew CH and Rajchl, Martin and Glocker, Ben},
  journal={arXiv preprint arXiv:1711.01297},
  year={2017}
}
@inproceedings{louizos2017multiplicative,
  title={Multiplicative normalizing flows for variational bayesian neural networks},
  author={Louizos, Christos and Welling, Max},
  booktitle={Proceedings of the 34th International Conference on Machine Learning-Volume 70},
  pages={2218--2227},
  year={2017},
  organization={JMLR. org}
}
@inproceedings{blumberg2018deeper,
  title={Deeper image quality transfer: Training low-memory neural networks for 3D images},
  author={Blumberg, Stefano B and Tanno, Ryutaro and Kokkinos, Iasonas and Alexander, Daniel C},
  booktitle={International Conference on Medical Image Computing and Computer-Assisted Intervention},
  pages={118--125},
  year={2018},
  organization={Springer}
}
@article{gorriz2017cost,
  title={Cost-effective active learning for melanoma segmentation},
  author={Gorriz, Marc and Carlier, Axel and Faure, Emmanuel and Giro-i-Nieto, Xavier},
  journal={arXiv preprint arXiv:1711.09168},
  year={2017}
}
@article{baweja2018towards,
  title={Towards continual learning in medical imaging},
  author={Baweja, Chaitanya and Glocker, Ben and Kamnitsas, Konstantinos},
  journal={arXiv preprint arXiv:1811.02496},
  year={2018}
}
@inproceedings{kamnitsas2017unsupervised,
  title={Unsupervised domain adaptation in brain lesion segmentation with adversarial networks},
  author={Kamnitsas, Konstantinos and Baumgartner, Christian and Ledig, Christian and Newcombe, Virginia and Simpson, Joanna and Kane, Andrew and Menon, David and Nori, Aditya and Criminisi, Antonio and Rueckert, Daniel and others},
  booktitle={International conference on information processing in medical imaging},
  pages={597--609},
  year={2017},
  organization={Springer}
}
@inproceedings{nguyen2017variational,
  title={Variational continual learning},
  author={Nguyen, Cuong V and Li, Yingzhen and Bui, Thang D and Turner, Richard E},
  booktitle={International Conference on Learning Representations},
  year={2018}
}
@article{kirkpatrick2017overcoming,
  title={Overcoming catastrophic forgetting in neural networks},
  author={Kirkpatrick, James and Pascanu, Razvan and Rabinowitz, Neil and Veness, Joel and Desjardins, Guillaume and Rusu, Andrei A and Milan, Kieran and Quan, John and Ramalho, Tiago and Grabska-Barwinska, Agnieszka and others},
  journal={Proceedings of the national academy of sciences},
  volume={114},
  number={13},
  pages={3521--3526},
  year={2017},
  publisher={National Acad Sciences}
}
@inproceedings{karani2018lifelong,
  title={A lifelong learning approach to brain mr segmentation across scanners and protocols},
  author={Karani, Neerav and Chaitanya, Krishna and Baumgartner, Christian and Konukoglu, Ender},
  booktitle={International Conference on Medical Image Computing and Computer-Assisted Intervention},
  pages={476--484},
  year={2018},
  organization={Springer}
}
@incollection{thrun1998lifelong,
  title={Lifelong learning algorithms},
  author={Thrun, Sebastian},
  booktitle={Learning to learn},
  pages={181--209},
  year={1998},
  publisher={Springer}
}
@techreport{settles2009active,
  title={Active learning literature survey},
  author={Settles, Burr},
  year={2009},
  institution={University of Wisconsin-Madison Department of Computer Sciences}
}
@article{jiang2008literature,
  title={A literature survey on domain adaptation of statistical classifiers},
  author={Jiang, Jing},
  journal={URL: http://sifaka. cs. uiuc. edu/jiang4/domainadaptation/survey},
  volume={3},
  pages={1--12},
  year={2008}
}
@article{pan2010survey,
  title={A survey on transfer learning},
  author={Pan, Sinno Jialin and Yang, Qiang},
  journal={IEEE Transactions on knowledge and data engineering},
  volume={22},
  number={10},
  pages={1345--1359},
  year={2010},
  publisher={IEEE}
}
@inproceedings{finn2018probabilistic,
  title={Probabilistic model-agnostic meta-learning},
  author={Finn, Chelsea and Xu, Kelvin and Levine, Sergey},
  booktitle={Advances in Neural Information Processing Systems},
  pages={9516--9527},
  year={2018}
}
@inproceedings{yoon2018bayesian,
  title={Bayesian model-agnostic meta-learning},
  author={Yoon, Jaesik and Kim, Taesup and Dia, Ousmane and Kim, Sungwoong and Bengio, Yoshua and Ahn, Sungjin},
  booktitle={Advances in Neural Information Processing Systems},
  pages={7332--7342},
  year={2018}
}
@article{hora1996aleatory,
  title={Aleatory and epistemic uncertainty in probability elicitation with an example from hazardous waste management},
  author={Hora, Stephen C},
  journal={Reliability Engineering \& System Safety},
  volume={54},
  number={2-3},
  pages={217--223},
  year={1996},
  publisher={Elsevier}
}
@inproceedings{ye2013modality,
  title={Modality propagation: coherent synthesis of subject-specific scans with data-driven regularization},
  author={Ye, Dong Hye and Zikic, Darko and Glocker, Ben and Criminisi, Antonio and Konukoglu, Ender},
  booktitle={International Conference on Medical Image Computing and Computer-Assisted Intervention},
  pages={606--613},
  year={2013},
  organization={Springer}
}
@incollection{rousseau2008brain,
	title={Brain hallucination},
	author={Rousseau, Fran{\c{c}}ois},
	booktitle={ECCV 2008},
	pages={497--508},
	year={2008},
	publisher={Springer}
}
@article{jog2015mr,
  title={{MR} image synthesis by contrast learning on neighborhood ensembles},
  author={Jog, Amod and Carass, Aaron and Roy, Snehashis and Pham, Dzung L and Prince, Jerry L},
  journal={Medical image analysis},
  volume={24},
  number={1},
  pages={63--76},
  year={2015},
  publisher={Elsevier}
}
@inproceedings{burgos2015robust,
  title={Robust {CT} synthesis for radiotherapy planning: Application to the head and neck region},
  author={Burgos, Ninon and Cardoso, M Jorge and Guerreiro, Filipa and Veiga, Catarina and Modat, Marc and McClelland, Jamie and Knopf, Antje-Christin and Punwani, Shonit and Atkinson, David and Arridge, Simon R and others},
  booktitle={International Conference on Medical Image Computing and Computer-Assisted Intervention},
  pages={476--484},
  year={2015},
  organization={Springer}
}
@inproceedings{sun2016deep,
  title={Deep ADMM-Net for compressive sensing MRI},
  author={Sun, Jian and Li, Huibin and Xu, Zongben and others},
  booktitle={Advances in neural information processing systems},
  pages={10--18},
  year={2016}
}
@article{han2018deep,
  title={Deep learning with domain adaptation for accelerated projection-reconstruction MR},
  author={Han, Yoseob and Yoo, Jaejun and Kim, Hak Hee and Shin, Hee Jung and Sung, Kyunghyun and Ye, Jong Chul},
  journal={Magnetic resonance in medicine},
  volume={80},
  number={3},
  pages={1189--1205},
  year={2018},
  publisher={Wiley Online Library}
}
@article{han2018deep,
  title={Deep learning with domain adaptation for accelerated projection-reconstruction MR},
  author={Han, Yoseob and Yoo, Jaejun and Kim, Hak Hee and Shin, Hee Jung and Sung, Kyunghyun and Ye, Jong Chul},
  journal={Magnetic resonance in medicine},
  volume={80},
  number={3},
  pages={1189--1205},
  year={2018},
  publisher={Wiley Online Library}
}
@article{yoon2019efficient,
  title={Efficient b-mode ultrasound image reconstruction from sub-sampled rf data using deep learning},
  author={Yoon, Yeo Hun and Khan, Shujaat and Huh, Jaeyoung and Ye, Jong Chul},
  journal={IEEE transactions on medical imaging},
  volume={38},
  number={2},
  pages={325--336},
  year={2019},
  publisher={IEEE}
}
@article{figini2018prediction,
  title={Prediction of isocitrate dehydrogenase genotype in brain gliomas with MRI: single-shell versus multishell diffusion models},
  author={Figini, Matteo and Riva, Marco and Graham, Mark and Castelli, Gian Marco and Fernandes, Bethania and Grimaldi, Marco and Baselli, Giuseppe and Pessina, Federico and Bello, Lorenzo and Zhang, Hui and others},
  journal={Radiology},
  volume={289},
  number={3},
  pages={788--796},
  year={2018},
  publisher={Radiological Society of North America}
}
@article{cohen2018mr,
  title={MR fingerprinting deep reconstruction network (DRONE)},
  author={Cohen, Ouri and Zhu, Bo and Rosen, Matthew S},
  journal={Magnetic resonance in medicine},
  volume={80},
  number={3},
  pages={885--894},
  year={2018},
  publisher={Wiley Online Library}
}
@article{ma2013magnetic,
  title={Magnetic resonance fingerprinting},
  author={Ma, Dan and Gulani, Vikas and Seiberlich, Nicole and Liu, Kecheng and Sunshine, Jeffrey L and Duerk, Jeffrey L and Griswold, Mark A},
  journal={Nature},
  volume={495},
  number={7440},
  pages={187},
  year={2013},
  publisher={Nature Publishing Group}
}
@article{tax2019cross,
  title={Cross-scanner and cross-protocol diffusion MRI data harmonisation: A benchmark database and evaluation of algorithms},
  author={Tax, Chantal MW and Grussu, Francesco and Kaden, Enrico and Ning, Lipeng and Rudrapatna, Umesh and Evans, John and St-Jean, Samuel and Leemans, Alexander and Koppers, Simon and Merhof, Dorit and others},
  journal={NeuroImage},
  year={2019},
  publisher={Elsevier}
}
@article{mirzaalian2016inter,
  title={Inter-site and inter-scanner diffusion MRI data harmonization},
  author={Mirzaalian, Hengameh and Ning, Lipeng and Savadjiev, Peter and Pasternak, Ofer and Bouix, Sylvain and Michailovich, O and Grant, G and Marx, CE and Morey, Rajendra A and Flashman, LA and others},
  journal={NeuroImage},
  volume={135},
  pages={311--323},
  year={2016},
  publisher={Elsevier}
}
@article{roy2019bayesian,
  title={Bayesian QuickNAT: Model uncertainty in deep whole-brain segmentation for structure-wise quality control},
  author={Roy, Abhijit Guha and Conjeti, Sailesh and Navab, Nassir and Wachinger, Christian and Alzheimer's Disease Neuroimaging Initiative and others},
  journal={NeuroImage},
  year={2019},
  publisher={Elsevier}
}
@inproceedings{Raghu2018DirectUP,
  title={Direct Uncertainty Prediction for Medical Second Opinions},
  author={Maithra Raghu and Katy Blumer and Rory Sayres and Ziad Obermeyer and Sendhil Mullainathan and Jon M. Kleinberg},
  year={2018}
}
@article{odena2016deconvolution,
  author = {Odena, Augustus and Dumoulin, Vincent and Olah, Chris},
  title = {Deconvolution and Checkerboard Artifacts},
  journal = {Distill},
  year = {2016},
  url = {http://distill.pub/2016/deconv-checkerboard},
  doi = {10.23915/distill.00003}
}
@article{chen2017low,
  title={Low-dose CT via convolutional neural network},
  author={Chen, Hu and Zhang, Yi and Zhang, Weihua and Liao, Peixi and Li, Ke and Zhou, Jiliu and Wang, Ge},
  journal={Biomedical optics express},
  volume={8},
  number={2},
  pages={679--694},
  year={2017},
  publisher={Optical Society of America}
}
@article{tournier2012mrtrix,
  title={MRtrix: diffusion tractography in crossing fiber regions},
  author={Tournier, J-Donald and Calamante, Fernando and Connelly, Alan},
  journal={International journal of imaging systems and technology},
  volume={22},
  number={1},
  pages={53--66},
  year={2012},
  publisher={Wiley Online Library}
}
@article{wang1996intrinsic,
  title={Intrinsic uncertainty and integration efficiency in bisection acuity},
  author={Wang, Hong and Levi, Dennis M and Klein, Stanley A},
  journal={Vision research},
  volume={36},
  number={5},
  pages={717--739},
  year={1996},
  publisher={Elsevier}
}
@article{draper1995assessment,
  title={Assessment and propagation of model uncertainty},
  author={Draper, David},
  journal={Journal of the Royal Statistical Society: Series B (Methodological)},
  volume={57},
  number={1},
  pages={45--70},
  year={1995},
  publisher={Wiley Online Library}
}
@article{harms2018extending,
  title={Extending the Human Connectome Project across ages: Imaging protocols for the Lifespan Development and Aging projects},
  author={Harms, Michael P and Somerville, Leah H and Ances, Beau M and Andersson, Jesper and Barch, Deanna M and Bastiani, Matteo and Bookheimer, Susan Y and Brown, Timothy B and Buckner, Randy L and Burgess, Gregory C and others},
  journal={NeuroImage},
  volume={183},
  pages={972--984},
  year={2018},
  publisher={Elsevier}
}
@article{blei2017variational,
  title={Variational inference: A review for statisticians},
  author={Blei, David M and Kucukelbir, Alp and McAuliffe, Jon D},
  journal={Journal of the American Statistical Association},
  volume={112},
  number={518},
  pages={859--877},
  year={2017},
  publisher={Taylor \& Francis}
}
@inproceedings{blumberg2018deeper,
  title={Deeper image quality transfer: Training low-memory neural networks for 3D images},
  author={Blumberg, Stefano B and Tanno, Ryutaro and Kokkinos, Iasonas and Alexander, Daniel C},
  booktitle={International Conference on Medical Image Computing and Computer-Assisted Intervention},
  pages={118--125},
  year={2018},
  organization={Springer}
}
@inproceedings{blumberg2019msp,
  title={Multi-Stage Prediction Networks for Data Harmonization},
  author={Blumberg, Stefano B and  Palombo, Marco and Khoo, Can Son and Tax, Chantal and Tanno, Ryutaro and Alexander, Daniel C},
  booktitle={International Conference on Medical Image Computing and Computer-Assisted Intervention},
  year={2019},
  organization={Springer}
}
@article{kaden2016quantitative,
  title={Quantitative mapping of the per-axon diffusion coefficients in brain white matter},
  author={Kaden, Enrico and Kruggel, Frithjof and Alexander, Daniel C},
  journal={Magnetic resonance in medicine},
  volume={75},
  number={4},
  pages={1752--1763},
  year={2016},
  publisher={Wiley Online Library}
}
@inproceedings{PHiSeg2019Baumgartner,
         author={Baumgartner, Christian F. and Tezcan, Kerem C. and
         Chaitanya, Krishna and H{\"o}tker, Andreas M. and
         Muehlematter, Urs J. and Schawkat, Khoschy and Becker, Anton S. and
         Donati, Olivio and Konukoglu, Ender},
         title={{PHiSeg}: Capturing Uncertainty in Medical Image Segmentation},
         booktitle={International Conference on Medical Image Computing and Computer-Assisted Intervention},
	 year ={2019},
}
@inproceedings{PHiSeg2019Baumgartner,
         author={Baumgartner, Christian F. and Tezcan, Kerem C. and
         Chaitanya, Krishna and H{\"o}tker, Andreas M. and
         Muehlematter, Urs J. and Schawkat, Khoschy and Becker, Anton S. and
         Donati, Olivio and Konukoglu, Ender},
         title={{PHiSeg}: Capturing Uncertainty in Medical Image Segmentation},
         booktitle={International Conference on Medical Image Computing and Computer-Assisted Intervention},
	 year ={2019},
}
@inproceedings{kohl2018probabilistic,
  title={A probabilistic u-net for segmentation of ambiguous images},
  author={Kohl, Simon and Romera-Paredes, Bernardino and Meyer, Clemens and De Fauw, Jeffrey and Ledsam, Joseph R and Maier-Hein, Klaus and Eslami, SM Ali and Rezende, Danilo Jimenez and Ronneberger, Olaf},
  booktitle={Advances in Neural Information Processing Systems},
  pages={6965--6975},
  year={2018}
}
@inproceedings{tanno2019learning,
  title={Learning From Noisy Labels By Regularized Estimation Of Annotator Confusion},
  author={Tanno, Ryutaro and Saeedi, Ardavan and Sankaranarayanan, Swami and Alexander, Daniel C and Silberman, Nathan},
  booktitle={Proceedings of the IEEE Conference on Computer Vision and Pattern Recognition},
  year={2019}
}
@inproceedings{hu2019uncertainty,
         author={Shi, Hu and Worrall, Daniel and Veeling, Bas and Huisman, Henkjan and Welling, Max},
         title={Supervised Uncertainty Quantification for Segmentation with Multiple Annotations},
         booktitle={International Conference on Medical Image Computing and Computer-Assisted Intervention},
	 year ={2019},
}
@article{raykar2010learning,
  title={Learning from crowds},
  author={Raykar, Vikas C and Yu, Shipeng and Zhao, Linda H and Valadez, Gerardo Hermosillo and Florin, Charles and Bogoni, Luca and Moy, Linda},
  journal={Journal of Machine Learning Research},
  volume={11},
  number={Apr},
  pages={1297--1322},
  year={2010}
}
@article{ravi2019adversarial,
  title={Adversarial training with cycle consistency for unsupervised super-resolution in endomicroscopy},
  author={Rav{\`\i}, Daniele and Szczotka, Agnieszka Barbara and Pereira, Stephen P and Vercauteren, Tom},
  journal={Medical image analysis},
  volume={53},
  pages={123--131},
  year={2019},
  publisher={Elsevier}
}
@inproceedings{bahrami2016convolutional,
	title={Convolutional Neural Network for Reconstruction of 7T-like Images from 3T MRI Using Appearance and Anatomical Features},
	author={Bahrami, Khosro and Shi, Feng and Rekik, Islem and Shen, Dinggang},
	booktitle={MICCAI DLDLM workshop},
	pages={39--47},
	year={2016},
	organization={Springer}
}
@inproceedings{worrall2016automated,
	title={Automated Retinopathy of Prematurity Case Detection with Convolutional Neural Networks},
	author={Worrall, Daniel E and Wilson, Clare M and Brostow, Gabriel J},
	booktitle={MICCAI DLDLM Workshop},
	pages={68--76},
	year={2016},
	organization={Springer}
}
@inproceedings{gal2015dropout,
	title={Dropout as a Bayesian approximation: Insights and applications},
	author={Gal, Yarin and Ghahramani, Zoubin},
	booktitle={Deep Learning Workshop, ICML},
	year={2015}
}
@incollection{alexander2014image,
	title={Image quality transfer via random forest regression: applications in diffusion {MRI}},
	author={Alexander, Daniel C and et al.},
	booktitle={MICCAI},
	pages={225--232},
	year={2014},
	publisher={Springer}
}
@inproceedings{tanno2017bayesian,
  title={Bayesian image quality transfer with CNNs: exploring uncertainty in dMRI super-resolution},
  author={Tanno, Ryutaro and Worrall, Daniel E and Ghosh, Aurobrata and Kaden, Enrico and Sotiropoulos, Stamatios N and Criminisi, Antonio and Alexander, Daniel C},
  booktitle={International Conference on Medical Image Computing and Computer-Assisted Intervention},
  pages={611--619},
  year={2017},
  organization={Springer}
}
@inproceedings{oktay2016multi,
	title={Multi-input Cardiac Image Super-Resolution Using Convolutional Neural Networks},
	author={Oktay, Ozan and Bai, Wenjia and Lee, Matthew and Guerrero, Ricardo and Kamnitsas, Konstantinos and Caballero, Jose and de Marvao, Antonio and Cook, Stuart and O’Regan, Declan and Rueckert, Daniel},
	booktitle={MICCAI},
	year={2016},
	organization={Springer}
}
@inproceedings{nix1994estimating,
	title={Estimating the mean and variance of the target probability distribution},
	author={Nix, David A and Weigend, Andreas S},
	booktitle={IEEE WCCI},
	volume={1},
	pages={55--60},
	year={1994},
	organization={IEEE}
}
@inproceedings{kingma2015variational,
	title={Variational dropout and the local reparameterization trick},
	author={Kingma, Diederik P and Salimans, Tim and Welling, Max},
	booktitle={NIPS},
	pages={2575--2583},
	year={2015}
}
@article{dong2016image,
	title={Image super-resolution using deep convolutional networks},
	author={Dong, Chao and Loy, Chen Change and He, Kaiming and Tang, Xiaoou},
	journal={IEEE PAMI},
	volume={38},
	number={2},
	pages={295--307},
	year={2016},
	publisher={IEEE}
}
@inproceedings{johnson2016perceptual,
	title={Perceptual losses for real-time style transfer and super-resolution},
	author={Johnson, Justin and Alahi, Alexandre and Fei-Fei, Li},
	booktitle={ECCV},
	pages={694--711},
	year={2016},
	organization={Springer}
}
@inproceedings{shi2016real,
	title={Real-time single image and video super-resolution using an efficient sub-pixel convolutional neural network},
	author={Shi, Wenzhe and Caballero, Jose and Husz{\'a}r, Ferenc and Totz, Johannes and Aitken, Andrew P and Bishop, Rob and Rueckert, Daniel and Wang, Zehan},
	booktitle={CVPR},
	pages={1874--1883},
	year={2016}
}
@incollection{Bengio+chapter2007,
author = {Bengio, Yoshua and LeCun, Yann},
booktitle = {Large Scale Kernel Machines},
publisher = {MIT Press},
title = {Scaling Learning Algorithms Towards {AI}},
year = {2007}
}

@article{Hinton06,
author = {Hinton, Geoffrey E. and Osindero, Simon and Teh, Yee Whye},
journal = {Neural Computation},
pages = {1527--1554},
title = {A Fast Learning Algorithm for Deep Belief Nets},
volume = {18},
year = {2006}
}

@book{goodfellow2016deep,
title={Deep learning},
author={Goodfellow, Ian and Bengio, Yoshua and Courville, Aaron and Bengio, Yoshua},
volume={1},
year={2016},
publisher={MIT Press}
}
@inproceedings{welinder2010multidimensional,
  title={The multidimensional wisdom of crowds},
  author={Welinder, Peter and Branson, Steve and Perona, Pietro and Belongie, Serge J},
  booktitle={Advances in neural information processing systems},
  pages={2424--2432},
  year={2010}
}

@article{dawid1979maximum,
  title={Maximum likelihood estimation of observer error-rates using the EM algorithm},
  author={Dawid, Alexander Philip and Skene, Allan M},
  journal={Applied statistics},
  pages={20--28},
  year={1979},
  publisher={JSTOR}
}

@inproceedings{wauthier2011bayesian,
  title={Bayesian bias mitigation for crowdsourcing},
  author={Wauthier, Fabian L and Jordan, Michael I},
  booktitle={Advances in neural information processing systems},
  pages={1800--1808},
  year={2011}
}

@inproceedings{whitehill2009whose,
  title={Whose vote should count more: Optimal integration of labels from labelers of unknown expertise},
  author={Whitehill, Jacob and Wu, Ting-fan and Bergsma, Jacob and Movellan, Javier R and Ruvolo, Paul L},
  booktitle={Advances in neural information processing systems},
  pages={2035--2043},
  year={2009}
}

@article{raykar2010learning,
  title={Learning from crowds},
  author={Raykar, Vikas C and Yu, Shipeng and Zhao, Linda H and Valadez, Gerardo Hermosillo and Florin, Charles and Bogoni, Luca and Moy, Linda},
  journal={Journal of Machine Learning Research},
  volume={11},
  number={Apr},
  pages={1297--1322},
  year={2010}
}

@article{guan2017said,
  title={Who said what: Modeling individual labelers improves classification},
  author={Guan, Melody Y and Gulshan, Varun and Dai, Andrew M and Hinton, Geoffrey E},
  journal={AAAI},
  year={2018}
}

@inproceedings{smyth1995inferring,
  title={Inferring ground truth from subjective labelling of venus images},
  author={Smyth, Padhraic and Fayyad, Usama M and Burl, Michael C and Perona, Pietro and Baldi, Pierre},
  booktitle={Advances in neural information processing systems},
  pages={1085--1092},
  year={1995}
}

@inproceedings{raykar2009supervised,
  title={Supervised learning from multiple experts: whom to trust when everyone lies a bit},
  author={Raykar, Vikas C and Yu, Shipeng and Zhao, Linda H and Jerebko, Anna and Florin, Charles and Valadez, Gerardo Hermosillo and Bogoni, Luca and Moy, Linda},
  booktitle={Proceedings of the 26th Annual international conference on machine learning},
  pages={889--896},
  year={2009},
  organization={ACM}
}

@inproceedings{yan2010modeling,
  title={Modeling annotator expertise: Learning when everybody knows a bit of something},
  author={Yan, Yan and Rosales, R{\'o}mer and Fung, Glenn and Schmidt, Mark and Hermosillo, Gerardo and Bogoni, Luca and Moy, Linda and Dy, Jennifer},
  booktitle={AISTATs},
  pages={932--939},
  year={2010}
}

@article{rodrigues2013learning,
  title={Learning from multiple annotators: distinguishing good from random labelers},
  author={Rodrigues, Filipe and Pereira, Francisco and Ribeiro, Bernardete},
  journal={Pattern Recognition Letters},
  volume={34},
  number={12},
  pages={1428--1436},
  year={2013},
  publisher={Elsevier}
}

@inproceedings{Goldberger2017TrainingDN,
  title={Training Deep Neural-networks Using a Noise Adaptation Layer},
  author={Jacob Goldberger and Ehud Ben-Reuven},
  booktitle={ICLR},
  year={2017}
}

@inproceedings{gal2016dropout,
  title={Dropout as a Bayesian approximation: Representing model uncertainty in deep learning},
  author={Gal, Yarin and Ghahramani, Zoubin},
  booktitle={international conference on machine learning},
  pages={1050--1059},
  year={2016}
}

@inproceedings{kendall2017uncertainties,
  title={What uncertainties do we need in bayesian deep learning for computer vision?},
  author={Kendall, Alex and Gal, Yarin},
  booktitle={Advances in Neural Information Processing Systems},
  pages={5580--5590},
  year={2017}
}

@inproceedings{khetan2017learning,
  title={Learning From Noisy Singly-labeled Data},
  author={Khetan, Ashish and Lipton, Zachary C and Anandkumar, Anima},
  booktitle={International Conference on Learning Representations},
  year={2018}
}

@inproceedings{branson2017lean,
  title={Lean crowdsourcing: Combining humans and machines in an online system},
  author={Branson, Steve and Van Horn, Grant and Perona, Pietro},
  booktitle={Proceedings of the IEEE Conference on Computer Vision and Pattern Recognition},
  pages={7474--7483},
  year={2017}
}

@inproceedings{xiao2015learning,
  title={Learning from massive noisy labeled data for image classification},
  author={Xiao, Tong and Xia, Tian and Yang, Yi and Huang, Chang and Wang, Xiaogang},
  booktitle={Proceedings of the IEEE Conference on Computer Vision and Pattern Recognition},
  pages={2691--2699},
  year={2015}
}

@inproceedings{van2018lean,
  title={Lean Multiclass Crowdsourcing},
  author={Van Horn, Grant and Branson, Steve and Loarie, Scott and Belongie, Serge and Tech, Cornell and Perona, Pietro},
  booktitle={Proceedings of the IEEE Conference on Computer Vision and Pattern Recognition},
  pages={2714--2723},
  year={2018}
}

@inproceedings{patrini2017making,
  title={Making deep neural networks robust to label noise: A loss correction approach},
  author={Patrini, Giorgio and Rozza, Alessandro and Menon, Aditya Krishna and Nock, Richard and Qu, Lizhen},
  booktitle={Proc. IEEE Conf. Comput. Vis. Pattern Recognit.(CVPR)},
  pages={2233--2241},
  year={2017}
}

@inproceedings{jiang2018mentornet,
  title={MentorNet: Learning Data-Driven Curriculum for Very Deep Neural Networks on Corrupted Labels},
  author={Jiang, Lu and Zhou, Zhengyuan and Leung, Thomas and Li, Li-Jia and Fei-Fei, Li},
  booktitle={International Conference on Machine Learning},
  pages={2309--2318},
  year={2018}
}

@inproceedings{natarajan2013learning,
  title={Learning with noisy labels},
  author={Natarajan, Nagarajan and Dhillon, Inderjit S and Ravikumar, Pradeep K and Tewari, Ambuj},
  booktitle={Advances in neural information processing systems},
  pages={1196--1204},
  year={2013}
}

@inproceedings{ren2018learning,
  title={Learning to reweight examples for robust deep learning},
  author={Ren, Mengye and Zeng, Wenyuan and Yang, Bin and Urtasun, Raquel},
  booktitle={International Conference on Machine Learning},
  year={2018}
}

@article{sukhbaatar2014training,
  title={Training convolutional networks with noisy labels},
  author={Sukhbaatar, Sainbayar and Bruna, Joan and Paluri, Manohar and Bourdev, Lubomir and Fergus, Rob},
  journal={arXiv preprint arXiv:1406.2080},
  year={2014}
}

@inproceedings{goldberger2016training,
  title={Training deep neural-networks using a noise adaptation layer},
  author={Goldberger, Jacob and Ben-Reuven, Ehud},
  booktitle={International Conference on Learning Representations},
  year={2017}
}

@inproceedings{mnih2012learning,
  title={Learning to label aerial images from noisy data},
  author={Mnih, Volodymyr and Hinton, Geoffrey E},
  booktitle={International conference on machine learning},
  pages={567--574},
  year={2012}
}

@inproceedings{veit2017learning,
  title={Learning From Noisy Large-Scale Datasets With Minimal Supervision.},
  author={Veit, Andreas and Alldrin, Neil and Chechik, Gal and Krasin, Ivan and Gupta, Abhinav and Belongie, Serge J},
  booktitle={CVPR},
  pages={6575--6583},
  year={2017}
}

@article{reed2014training,
  title={Training deep neural networks on noisy labels with bootstrapping},
  author={Reed, Scott and Lee, Honglak and Anguelov, Dragomir and Szegedy, Christian and Erhan, Dumitru and Rabinovich, Andrew},
  journal={arXiv preprint arXiv:1412.6596},
  year={2014}
}

@article{saeedi2017multimodal,
  title={Multimodal Prediction and Personalization of Photo Edits with Deep Generative Models},
  author={Saeedi, Ardavan and Hoffman, Matthew D and DiVerdi, Stephen J and Ghandeharioun, Asma and Johnson, Matthew J and Adams, Ryan P},
  journal={arXiv preprint arXiv:1704.04997},
  year={2017}
}

@article{kohl2018probabilistic,
  title={A Probabilistic U-Net for Segmentation of Ambiguous Images},
  author={Kohl, Simon AA and Romera-Paredes, Bernardino and Meyer, Clemens and De Fauw, Jeffrey and Ledsam, Joseph R and Maier-Hein, Klaus H and Eslami, SM and Rezende, Danilo Jimenez and Ronneberger, Olaf},
  journal={arXiv preprint arXiv:1806.05034},
  year={2018}
}
@article{warfield2004simultaneous,
  title={Simultaneous truth and performance level estimation (STAPLE): an algorithm for the validation of image segmentation},
  author={Warfield, Simon K and Zou, Kelly H and Wells, William M},
  journal={IEEE transactions on medical imaging},
  volume={23},
  number={7},
  pages={903--921},
  year={2004},
  publisher={IEEE}
}
@article{lampert2016empirical,
  title={An empirical study into annotator agreement, ground truth estimation, and algorithm evaluation},
  author={Lampert, Thomas A and Stumpf, Andr{\'e} and Gan{\c{c}}arski, Pierre},
  journal={IEEE Transactions on Image Processing},
  volume={25},
  number={6},
  pages={2557--2572},
  year={2016},
  publisher={IEEE}
}
@book{surowiecki2005wisdom,
  title={The wisdom of crowds},
  author={Surowiecki, James},
  year={2005},
  publisher={Anchor}
}
@article{lazarus2006bi,
  title={BI-RADS lexicon for US and mammography: interobserver variability and positive predictive value},
  author={Lazarus, Elizabeth and Mainiero, Martha B and Schepps, Barbara and Koelliker, Susan L and Livingston, Linda S},
  journal={Radiology},
  volume={239},
  number={2},
  pages={385--391},
  year={2006},
  publisher={Radiological Society of North America}
}
@article{watadani2013interobserver,
  title={Interobserver variability in the CT assessment of honeycombing in the lungs},
  author={Watadani, Takeyuki and Sakai, Fumikazu and Johkoh, Takeshi and Noma, Satoshi and Akira, Masanori and Fujimoto, Kiminori and Bankier, Alexander A and Lee, Kyung Soo and M{\"u}ller, Nestor L and Song, Jae-Woo and others},
  journal={Radiology},
  volume={266},
  number={3},
  pages={936--944},
  year={2013},
  publisher={Radiological Society of North America, Inc.}
}
@article{rosenkrantz2013comparison,
  title={Comparison of interreader reproducibility of the prostate imaging reporting and data system and likert scales for evaluation of multiparametric prostate MRI},
  author={Rosenkrantz, Andrew B and Lim, Ruth P and Haghighi, Mershad and Somberg, Molly B and Babb, James S and Taneja, Samir S},
  journal={American Journal of Roentgenology},
  volume={201},
  number={4},
  pages={W612--W618},
  year={2013},
  publisher={Am Roentgen Ray Soc}
}
@article{litjens2017survey,
  title={A survey on deep learning in medical image analysis},
  author={Litjens, Geert and Kooi, Thijs and Bejnordi, Babak Ehteshami and Setio, Arnaud Arindra Adiyoso and Ciompi, Francesco and Ghafoorian, Mohsen and Van Der Laak, Jeroen Awm and Van Ginneken, Bram and S{\'a}nchez, Clara I},
  journal={Medical image analysis},
  volume={42},
  pages={60--88},
  year={2017},
  publisher={Elsevier}
}
@inproceedings{tanaka2018joint,
  title={Joint optimization framework for learning with noisy labels},
  author={Tanaka, Daiki and Ikami, Daiki and Yamasaki, Toshihiko and Aizawa, Kiyoharu},
  booktitle={IEEE Conference on Computer Vision and Pattern Recognition},
  year={2018}
}
@inproceedings{van2018lean,
  title={Lean Multiclass Crowdsourcing},
  author={Van Horn, Grant and Branson, Steve and Loarie, Scott and Belongie, Serge and Tech, Cornell and Perona, Pietro},
  booktitle={Proceedings of the IEEE Conference on Computer Vision and Pattern Recognition},
  pages={2714--2723},
  year={2018}
}
@inproceedings{long2013active,
  title={Active visual recognition with expertise estimation in crowdsourcing},
  author={Long, Chengjiang and Hua, Gang and Kapoor, Ashish},
  booktitle={Proceedings of the IEEE International Conference on Computer Vision},
  pages={3000--3007},
  year={2013}
}
@inproceedings{long2015multi,
  title={Multi-class multi-annotator active learning with robust gaussian process for visual recognition},
  author={Long, Chengjiang and Hua, Gang},
  booktitle={Proceedings of the IEEE International Conference on Computer Vision},
  pages={2839--2847},
  year={2015}
}
@inproceedings{bootkrajang2012label,
  title={Label-noise robust logistic regression and its applications},
  author={Bootkrajang, Jakramate and Kab{\'a}n, Ata},
  booktitle={Joint European conference on machine learning and knowledge discovery in databases},
  pages={143--158},
  year={2012},
  organization={Springer}
}
@article{frenay2014classification,
  title={Classification in the presence of label noise: a survey},
  author={Fr{\'e}nay, Beno{\^\i}t and Verleysen, Michel},
  journal={IEEE transactions on neural networks and learning systems},
  volume={25},
  number={5},
  pages={845--869},
  year={2014},
  publisher={IEEE}
}
@inproceedings{welinder2010online,
  title={Online crowdsourcing: rating annotators and obtaining cost-effective labels},
  author={Welinder, Peter and Perona, Pietro},
  booktitle={Computer Vision and Pattern Recognition Workshops (CVPRW), 2010 IEEE Computer Society Conference on},
  pages={25--32},
  year={2010},
  organization={IEEE}
}
@article{kohl2018probabilistic,
  title={A Probabilistic U-Net for Segmentation of Ambiguous Images},
  author={Kohl, Simon AA and Romera-Paredes, Bernardino and Meyer, Clemens and De Fauw, Jeffrey and Ledsam, Joseph R and Maier-Hein, Klaus H and Eslami, SM and Rezende, Danilo Jimenez and Ronneberger, Olaf},
  journal={arXiv preprint arXiv:1806.05034},
  year={2018}
}
Download

Source

PDF
Actions
   Copy Project
   Word Count
Sync
   Dropbox
   GitHub
Settings
Compiler

Main document

Spell check

Auto-complete

Auto-close Brackets

Code check

Editor theme

Overall theme

Keybindings

Font Size

Font Family

Line Height

PDF Viewer

Hotkeys
   Show Hotkeys
supp_denoising_labels_CVPR2018
@article{stanley2002evolving,
  title={Evolving neural networks through augmenting topologies},
  author={Stanley, Kenneth O and Miikkulainen, Risto},
  journal={Evolutionary computation},
  year={2002},
  publisher={MIT Press}
}
@article{ioannou2016decision,
  title={Decision forests, convolutional networks and the models in-between},
  author={Ioannou, Yani and Robertson, Duncan and Zikic, Darko and Kontschieder, Peter and Shotton, Jamie and Brown, Matthew and Criminisi, Antonio},
  journal={CoRR},
  year={2016}
}
@inproceedings{kontschieder2015deep,
  title={Deep neural decision forests},
  author={Kontschieder, Peter and Fiterau, Madalina and Criminisi, Antonio and Rota Bulo, Samuel},
  booktitle={ICCV},
  pages={1467--1475},
  year={2015}
}
@inproceedings{rota2014neural,
  title={Neural decision forests for semantic image labelling},
  author={Rota Bulo, Samuel and Kontschieder, Peter},
  booktitle={Proceedings of the IEEE Conference on Computer Vision and Pattern Recognition},
  pages={81--88},
  year={2014}
}
@article{suarez1999globally,
  title={Globally optimal fuzzy decision trees for classification and regression},
  author={Su{\'a}rez, Alberto and Lutsko, James F},
  journal={IEEE Transactions. PAMI},
  volume={21},
  number={12},
  pages={1297--1311},
  year={1999},
  publisher={IEEE}
}
@article{wu1983convergence,
  title={On the convergence properties of the EM algorithm},
  author={Wu, CF Jeff},
  journal={The Annals of statistics},
  year={1983},
  publisher={JSTOR}
}
@inproceedings{bengio2013deep,
  title={Deep learning of representations: Looking forward},
  author={Bengio, Yoshua},
  booktitle={International Conference on Statistical Language and Speech Processing},
  pages={1--37},
  year={2013},
  organization={Springer}
}
@inproceedings{deng2009imagenet,
  title={Imagenet: A large-scale hierarchical image database},
  author={Deng, Jia and Dong, Wei and Socher, Richard and Li, Li-Jia and Li, Kai and Fei-Fei, Li},
  booktitle={CVPR},
  year={2009}
}
@inproceedings{szegedy2015going,
  title={Going deeper with convolutions},
  author={Szegedy, Christian and Liu, Wei and Jia, Yangqing and Sermanet, Pierre and Reed, Scott and Anguelov, Dragomir and Erhan, Dumitru and Vanhoucke, Vincent and Rabinovich, Andrew and others},
  year={2015},
  booktitle={CVPR}
}
@inproceedings{greff2017neural,
  title={Neural Expectation Maximization},
  author={Greff, Klaus and van Steenkiste, Sjoerd and Schmidhuber, J{\"u}rgen},
  booktitle={Advances in neural information processing systems},
  year={2017}
}
@article{brock2017smash,
  title={SMASH: one-shot model architecture search through hypernetworks},
  author={Brock, Andrew and Lim, Theodore and Ritchie, James M and Weston, Nick},
 journal={CoRR},
  year={2017}
}
@inproceedings{li2017hyperband,
  title={Hyperband: A novel bandit-based approach to hyperparameter optimization},
  author={Li, Lisha and Jamieson, Kevin and DeSalvo, Giulia and Rostamizadeh, Afshin and Talwalkar, Ameet},
  journal={ICLR},
  year={2017}
}
@article{dempster1977maximum,
  title={Maximum likelihood from incomplete data via the EM algorithm},
  author={Dempster, Arthur P and Laird, Nan M and Rubin, Donald B},
  journal={Journal of the royal statistical society. Series B (methodological)},
  pages={1--38},
  year={1977},
  publisher={JSTOR}
}
@article{jordan1994hierarchical,
  title={Hierarchical mixtures of experts and the EM algorithm},
  author={Jordan, Michael I and Jacobs, Robert A},
  journal={Neural computation},
  year={1994},
  publisher={MIT Press}
}
@inproceedings{bishop2002bayesian,
  title={Bayesian hierarchical mixtures of experts},
  author={Bishop, Christopher M and Svenskn, Markus},
  booktitle={UAI},
  year={2002},
  organization={Morgan Kaufmann Publishers Inc.}
}
@article{veit2017convolutional,
  title={Convolutional Networks with Adaptive Computation Graphs},
  author={Veit, Andreas and Belongie, Serge},
  journal={CoRR},
  year={2017}
}
@inproceedings{nair2010rectified,
  title={Rectified linear units improve restricted boltzmann machines},
  author={Nair, Vinod and Hinton, Geoffrey E},
  booktitle={ICML},
  pages={807--814},
  year={2010}
}
@article{Figurnov2017SpatiallyAC,
  title={Spatially Adaptive Computation Time for Residual Networks},
  author={Michael Figurnov and Maxwell D. Collins and Yukun Zhu and Li Zhang and Jonathan Huang and Dmitry P. Vetrov and Ruslan Salakhutdinov},
  journal={CVPR},
  year={2017},
  pages={1790-1799}
}
@article{frosst2017distilling,
  title={Distilling a Neural Network Into a Soft Decision Tree},
  author={Frosst, Nicholas and Hinton, Geoffrey E},
  journal={CoRR},
  year={2017}
}
@article{liu2017progressive,
  title={Progressive Neural Architecture Search},
  author={Liu, Chenxi and Zoph, Barret and Shlens, Jonathon and Hua, Wei and Li, Li-Jia and Fei-Fei, Li and Yuille, Alan and Huang, Jonathan and Murphy, Kevin},
  journal={CoRR},
  year={2017}
}
@article{Shazeer2017OutrageouslyLN,
  title={Outrageously Large Neural Networks: The Sparsely-Gated Mixture-of-Experts Layer},
  author={Noam Shazeer and Azalia Mirhoseini and Krzysztof Maziarz and Andy Davis and Quoc V. Le and Geoffrey E. Hinton and Jeff Dean},
  journal={ICLR},
  year={2017},
  volume={abs/1701.06538}
}
@inproceedings{xiao2014errordriven,
author = {Xiao, Tianjun and Zhang, Jiaxing and Yang, Kuiyuan and Peng, Yuxin and Zhang, Zheng},
title = {Error-Driven Incremental Learning in Deep Convolutional Neural Network for Large-Scale Image Classification},
booktitle = {ACM Multimedia},
year = {2014},
}
@inproceedings{zhou2017deepft,
  title={Deep Forest: Towards An Alternative to Deep Neural Networks},
  author={Zhi-Hua Zhou and Ji Feng},
  booktitle={IJCAI},
  year={2017}
}
@inproceedings{fahlman1990cascade,
  title={The cascade-correlation learning architecture},
  author={Fahlman, Scott E and Lebiere, Christian},
  booktitle={Advances in neural information processing systems},
  pages={524--532},
  year={1990}
}
@article{Graves2016AdaptiveCT,
  title={Adaptive Computation Time for Recurrent Neural Networks},
  author={Alex Graves},
  journal={CoRR},
  year={2016},
  volume={abs/1603.08983}
}
@inproceedings{Teerapittayanon2016BranchyNetFI,
  title={BranchyNet: Fast inference via early exiting from deep neural networks},
  author={Surat Teerapittayanon and Bradley McDanel and H. T. Kung},
  booktitle={ICPR},
  year={2016}
}
@article{Huang2017LearningDR,
  title={Learning Deep ResNet Blocks Sequentially using Boosting Theory},
  author={Furong Huang and Jordan T. Ash and John Langford and Robert E. Schapire},
  journal={CoRR},
  year={2017},
}
@article{lee2017lifelong,
  title={Lifelong Learning with Dynamically Expandable Networks},
  author={Lee, Jeongtae and Yun, Jaehong and Hwang, Sungju and Yang, Eunho},
  journal={CoRR},
  year={2017}
}
@inproceedings{montillo2011entangled,
  title={Entangled decision forests and their application for semantic segmentation of CT images},
  author={Montillo, Albert and Shotton, Jamie and Winn, John and Iglesias, Juan Eugenio and Metaxas, Dimitri and Criminisi, Antonio},
  booktitle={Biennial International Conference on Information Processing in Medical Imaging},
  pages={184--196},
  year={2011},
  organization={Springer}
}
@inproceedings{kontschieder2013geof,
  title={GeoF: Geodesic forests for learning coupled predictors},
  author={Kontschieder, Peter and Kohli, Pushmeet and Shotton, Jamie and Criminisi, Antonio},
  booktitle={CVPR},
  year={2013}
}
@article{richmond2015mapping,
  title={Mapping stacked decision forests to deep and sparse convolutional neural networks for semantic segmentation},
  author={Richmond, David L and Kainmueller, Dagmar and Yang, Michael and Myers, Eugene W and Rother, Carsten},
  journal={CoRR},
  year={2015}
}
@article{sethi1990entropy,
  title={Entropy nets: From decision trees to neural networks},
  author={Sethi, Ishwar Krishnan},
  journal={Proceedings of the IEEE},
  pages={1605--1613},
  year={1990},
}
@article{zoph2016neural,
  title={Neural architecture search with reinforcement learning},
  author={Zoph, Barret and Le, Quoc V},
  journal={ICLR},
  year={2017}
}
@inproceedings{almahairi2016dynamic,
  title={Dynamic capacity networks},
  author={Almahairi, Amjad and Ballas, Nicolas and Cooijmans, Tim and Zheng, Yin and Larochelle, Hugo and Courville, Aaron},
  booktitle={ICML},
  year={2016}
}
@article{davis2013low,
  title={Low-rank approximations for conditional feedforward computation in deep neural networks},
  author={Davis, Andrew and Arel, Itamar},
  journal={CoRR},
  year={2013}
}
@article{bengio2015conditional,
  title={Conditional computation in neural networks for faster models},
  author={Bengio, Emmanuel and Bacon, Pierre-Luc and Pineau, Joelle and Precup, Doina},
  journal={CoRR},
  year={2015}
}
@article{breiman2001random,
	title={Random forests},
	author={Breiman, Leo},
	journal={Machine learning},
	volume={45},
	number={1},
	pages={5--32},
	year={2001},
	publisher={Springer}
}
@book{criminisi2013decision,
	title={Decision forests for computer vision and medical image analysis},
	author={Criminisi, Antonio and Shotton, Jamie},
	year={2013},
	publisher={Springer}
}
@article{real2017large,
  title={Large-scale evolution of image classifiers},
  author={Real, Esteban and Moore, Sherry and Selle, Andrew and Saxena, Saurabh and Suematsu, Yutaka Leon and Le, Quoc and Kurakin, Alex},
  journal={CoRR},
  year={2017}
}
@article{lecun2015deep,
  title={Deep learning},
  author={LeCun, Yann and Bengio, Yoshua and Hinton, Geoffrey},
  journal={Nature},
  volume={521},
  number={7553},
  pages={436},
  year={2015},
  publisher={Nature Publishing Group}
}
@inproceedings{zeiler2014visualizing,
  title={Visualizing and understanding convolutional networks},
  author={Zeiler, Matthew D and Fergus, Rob},
  booktitle={ECCV},
  pages={818--833},
  year={2014},
  organization={Springer}
}
@article{rumelhart1986learning,
  title={Learning representations by back-propagating errors},
  author={Rumelhart, David E and Hinton, Geoffrey E and Williams, Ronald J},
  journal={Nature},
  volume={323},
  number={6088},
  pages={533},
  year={1986},
  publisher={Nature Publishing Group}
}
@article{lecun1998gradient,
  title={Gradient-based learning applied to document recognition},
  author={LeCun, Yann and Bottou, L{\'e}on and Bengio, Yoshua and Haffner, Patrick},
  journal={Proceedings of the IEEE},
  volume={86},
  number={11},
  pages={2278--2324},
  year={1998},
  publisher={IEEE}
}
@article{krizhevsky2009learning,
  title={Learning multiple layers of features from tiny images},
  author={Krizhevsky, Alex and Hinton, Geoffrey},
  year={2009},
  publisher={Citeseer}
}
@inproceedings{he2016deep,
  title={Deep residual learning for image recognition},
  author={He, Kaiming and Zhang, Xiangyu and Ren, Shaoqing and Sun, Jian},
  booktitle={Proceedings of the IEEE conference on computer vision and pattern recognition},
  pages={770--778},
  year={2016}
}
@article{bengio2013estimating,
  title={Estimating or propagating gradients through stochastic neurons for conditional computation},
  author={Bengio, Yoshua and L{\'e}onard, Nicholas and Courville, Aaron},
  journal={CoRR},
  year={2013}
}
@inproceedings{chen2016net2net,
  title={Net2net: Accelerating learning via knowledge transfer},
  author={Chen, Tianqi and Goodfellow, Ian and Shlens, Jonathon},
  booktitle={ICLR},
  year={2016}
}
@inproceedings{cai2018efficient,
  title={Efficient Architecture Search by Network Transformation},
  author={Cai, Han and Chen, Tianyao and Zhang, Weinan and Yu, Yong and Wang, Jun},
  booktitle={AAAI},
  year={2018}
}
@article{hinton2006fast,
  title={A fast learning algorithm for deep belief nets},
  author={Hinton, Geoffrey E and Osindero, Simon and Teh, Yee-Whye},
  journal={Neural computation},
  volume={18},
  number={7},
  pages={1527--1554},
  year={2006},
  publisher={MIT Press}
}
@article{kingma2014adam,
  title={Adam: A method for stochastic optimization},
  author={Kingma, Diederik P and Ba, Jimmy},
  journal={CoRR},
  year={2014}
}
@inproceedings{simard2003best,
  title={Best practices for convolutional neural networks applied to visual document analysis.},
  author={Simard, Patrice Y and Steinkraus, David and Platt, John C and others},
  booktitle={ICDAR},
  volume={3},
  pages={958--962},
  year={2003}
}
@inproceedings{schulter2013alternating,
  title={Alternating decision forests},
  author={Schulter, Samuel and Wohlhart, Paul and Leistner, Christian and Saffari, Amir and Roth, Peter M and Bischof, Horst},
  booktitle={CVPR, 2013},
  year={2013},
}
@inproceedings{goodfellow2013maxout,
  title={Maxout networks},
  author={Goodfellow, Ian J and Warde-Farley, David and Mirza, Mehdi and Courville, Aaron and Bengio, Yoshua},
  booktitle={ICML},
  year={2013}
}
@inproceedings{lin2013network,
  title={Network in network},
  author={Lin, Min and Chen, Qiang and Yan, Shuicheng},
  booktitle={ICLR},
  year={2014}
}
@inproceedings{lee2015deeply,
  title={Deeply-supervised nets},
  author={Lee, Chen-Yu and Xie, Saining and Gallagher, Patrick and Zhang, Zhengyou and Tu, Zhuowen},
  booktitle={Artificial Intelligence and Statistics},
  year={2015}
}
@inproceedings{huang2017densely,
  title={Densely connected convolutional networks},
  author={Huang, Gao and Liu, Zhuang and Weinberger, Kilian Q and van der Maaten, Laurens},
  booktitle={CVPR},
  year={2017}
}
@article{springenberg2014striving,
  title={Striving for simplicity: The all convolutional net},
  author={Springenberg, Jost Tobias and Dosovitskiy, Alexey and Brox, Thomas and Riedmiller, Martin},
  journal={CoRR},
  year={2015}
}
@article{sandulescu2016predicting,
  title={Predicting the future relevance of research institutions-The winning solution of the KDD Cup 2016},
  author={Sandulescu, Vlad and Chiru, Mihai},
  journal={CoRR},
  year={2016}
}
@inproceedings{volkovs2017content,
  title={Content-based Neighbor Models for Cold Start in Recommender Systems},
  author={Volkovs, Maksims and Yu, Guang Wei and Poutanen, Tomi},
  booktitle={Proceedings of the Recommender Systems Challenge 2017},
  pages={7},
  year={2017},
  organization={ACM}
}
@inproceedings{ioffe2015batch,
  title={Batch normalization: Accelerating deep network training by reducing internal covariate shift},
  author={Ioffe, Sergey and Szegedy, Christian},
  booktitle={International conference on machine learning},
  pages={448--456},
  year={2015}
}
@article{paszke2017automatic,
  title={Automatic differentiation in PyTorch},
  author={Paszke, Adam and Gross, Sam and Chintala, Soumith and Chanan, Gregory and Yang, Edward and DeVito, Zachary and Lin, Zeming and Desmaison, Alban and Antiga, Luca and Lerer, Adam},
  year={2017}
}
@article{friedman2001greedy,
  title={Greedy function approximation: a gradient boosting machine},
  author={Friedman, Jerome H},
  journal={Annals of statistics},
  pages={1189--1232},
  year={2001},
  publisher={JSTOR}
}
@inproceedings{le2016lifted,
  title={Lifted auto-context forests for brain tumour segmentation},
  author={Le Folgoc, Loic and Nori, Aditya V and Ancha, Siddharth and Criminisi, Antonio},
  booktitle={International Workshop on Brainlesion: Glioma, Multiple Sclerosis, Stroke and Traumatic Brain Injuries},
  pages={171--183},
  year={2016},
  organization={Springer}
}
@inproceedings{laptev2014convolutional,
  title={Convolutional decision trees for feature learning and segmentation},
  author={Laptev, Dmitry and Buhmann, Joachim M},
  booktitle={German Conference on Pattern Recognition},
  pages={95--106},
  year={2014},
  organization={Springer}
}
@online{kaggle2017,
	author = {Kaggle.com},
	title = {Two Sigma Financial Modeling Challenge},
	year = 2017,
	url = {https://bit.ly/2g11tVh/},
	urldate = {2018-05-04}
}
@article{xiao2017ndt,
  title={NDT: Neual Decision Tree Towards Fully Functioned Neural Graph},
  author={Xiao, Han},
  journal={arXiv preprint arXiv:1712.05934},
  year={2017}
}
@inproceedings{ponomareva2017compact,
  title={Compact multi-class boosted trees},
  author={Ponomareva, Natalia and Colthurst, Thomas and Hendry, Gilbert and Haykal, Salem and Radpour, Soroush},
  booktitle={International Conference on Big Data},
  pages={47--56},
  year={2017}
}
@inproceedings{sabour2017dynamic,
  title={Dynamic routing between capsules},
  author={Sabour, Sara and Frosst, Nicholas and Hinton, Geoffrey E},
  booktitle={Advances in Neural Information Processing Systems},
  pages={3856--3866},
  year={2017}
}
@inproceedings{irsoy2012soft,
  title={Soft decision trees},
  author={{\.I}rsoy, Ozan and Y{\i}ld{\i}z, Olcay Taner and Alpayd{\i}n, Ethem},
  booktitle={ICPR},
  pages={1819--1822},
  year={2012},
  organization={IEEE}
}
@inproceedings{irsoy2014budding,
  title={Budding trees},
  author={{\.I}rsoy, Ozan and Yildiz, Olcay Taner and Alpayd{\i}n, Ethem},
  booktitle={ICPR},
  pages={3582--3587},
  year={2014},
  organization={IEEE}
}
@inproceedings{irsoy2016autoencoder,
  title={Autoencoder trees},
  author={{\.I}rsoy, Ozan and Alpayd{\i}n, Ethem},
  booktitle={ACML},
  pages={378--390},
  year={2016}
}
@article{irsoy2018continuously,
  title={Continuously Constructive Deep Neural Networks},
  author={{\.I}rsoy, Ozan and Alpayd{\i}n, Ethem},
  journal={arXiv preprint arXiv:1804.02491},
  year={2018}
}
@article{srivastava2015highway,
  title={Highway networks},
  author={Srivastava, Rupesh Kumar and Greff, Klaus and Schmidhuber, J{\"u}rgen},
  journal={arXiv preprint arXiv:1505.00387},
  year={2015}
}
@inproceedings{shotton2013decision,
  title={Decision jungles: Compact and rich models for classification},
  author={Shotton, Jamie and Sharp, Toby and Kohli, Pushmeet and Nowozin, Sebastian and Winn, John and Criminisi, Antonio},
  booktitle={Advances in Neural Information Processing Systems},
  pages={234--242},
  year={2013}
}
@inproceedings{vijayakumar2000locally,
  title={Locally weighted projection regression: An O(n) algorithm for incremental real time learning in high dimensional space},
  author={Vijayakumar, Sethu and Schaal, Stefan},
  booktitle={ICML},
  volume={1},
  pages={288--293},
  year={2000}
}
@article{pedregosa2011scikit,
  title={Scikit-learn: Machine learning in Python},
  author={Pedregosa, Fabian and Varoquaux, Ga{\"e}l and Gramfort, Alexandre and Michel, Vincent and Thirion, Bertrand and Grisel, Olivier and Blondel, Mathieu and Prettenhofer, Peter and Weiss, Ron and Dubourg, Vincent and others},
  journal={JMLR},
  volume={12},
  number={Oct},
  pages={2825--2830},
  year={2011}
}
@inproceedings{cortes2017adanet,
  title={AdaNet: Adaptive Structural Learning of Artificial Neural Networks},
  author={Cortes, Corinna and Gonzalvo, Xavier and Kuznetsov, Vitaly and Mohri, Mehryar and Yang, Scott},
  booktitle={ICML},
  pages={874--883},
  year={2017}
}
@article{zhao2017efficient,
  title={Efficient Multi-task Feature and Relationship Learning},
  author={Zhao, Han and Stretcu, Otilia and Negrinho, Renato and Smola, Alex and Gordon, Geoff},
  journal={arXiv preprint arXiv:1702.04423},
  year={2017}
}
@inproceedings{nix1994estimating,
	title={Estimating the mean and variance of the target probability distribution},
	author={Nix, David A and Weigend, Andreas S},
	booktitle={IEEE WCCI},
	volume={1},
	pages={55--60},
	year={1994},
	organization={IEEE}
}
	
@article{kingma2014adam,
  author    = {Diederik P. Kingma and
               Jimmy Ba},
  title     = {Adam: {A} Method for Stochastic Optimization},
  journal   = {CoRR},
  volume    = {abs/1412.6980},
  year      = {2014},
  url       = {http://arxiv.org/abs/1412.6980},
  timestamp = {Thu, 01 Jan 2015 19:51:08 +0100},
  biburl    = {http://dblp.uni-trier.de/rec/bib/journals/corr/KingmaB14},
  bibsource = {dblp computer science bibliography, http://dblp.org}
}

@article{ninon2017,
  author    = {Burgos, N. and others},
  title     = {Iterative framework for the joint segmentation and CT synthesis of MR images: application to MRI-only radiotherapy treatment planning},
  journal   = {Phys. Med. Biol.},
  volume    = {62},
  year      = {2017},
}

@article{niftynet17, 
author = {Gibson, E. and others}, 
title = {NiftyNet: a deep-learning platform for medical imaging}, 
year = {2017}, 
eprint = {1709.03485}, 
eprintclass = {cs.CV},
journal = {arXiv:1709.03485},
eprinttype = {arXiv}, 
} 

@inproceedings{yang2016fast,
	title={Fast Predictive Image Registration},
	author={Xiao, Y. and others},
	booktitle={MICCAI DLDLM Workshop},
	pages={48--57},
	year={2016},
	organization={Springer}
}

@inproceedings{tournier2010improved,
	title={Improved probabilistic streamlines tractography by 2nd order integration over fibre orientation distributions},
	author={Tournier, JD and Calamante, F and Connelly, A},
	booktitle={ISMRM},
	pages={1670},
	year={2010}
}

@inproceedings{kendall2017uncertainties,
  title={What uncertainties do we need in bayesian deep learning for computer vision?},
  author={Kendall, Alex and Gal, Yarin},
  booktitle={NIPS},
  pages={5580--5590},
  year={2017}
}

@inproceedings{kendall2017multi,
	title={Multi-Task Learning Using Uncertainty to Weigh Losses for Scene Geometry and Semantics},
	author={Kendall, A. and others},
	booktitle={CVPR},
	year={2018}
}

@inproceedings{tanno2017bayesian,
	title={Bayesian image quality transfer with cnns: Exploring uncertainty in dmri super-resolution},
	author={Tanno, R. and others},
	booktitle={MICCAI},
 	pages={611--619},
	year={2017},
}

@inproceedings{goodfellow2014generative,
  	title={Generative adversarial nets},
	author={Goodfellow, I. and others},
	booktitle={Advances in neural information processing systems},
	pages={2672--2680},
	year={2014}
}

@article{zhu2017unpaired,
  title={Unpaired image-to-image translation using cycle-consistent adversarial networks},
  author={Zhu, J. and others},
  year={2017},
  publisher={ICCV}
}

@inproceedings{Caruana1993MultitaskLA,
  title={Multitask Learning: A Knowledge-Based Source of Inductive Bias},
  author={Rich Caruana},
  booktitle={ICML},
  year={1993}
}

@inproceedings{moeskops2016deep,
  title={Deep learning for multi-task medical image segmentation in multiple modalities},
  author={Moeskops, P. and others},
  booktitle={MICCAI},
  pages={478--486},
  year={2016},
}

@inproceedings{xue2017full,
  title={Full quantification of left ventricle via deep multitask learning network respecting intra-and inter-task relatedness},
  author={Wufeng, X. and others},
  booktitle={MICCAI},
  pages={276--284},
  year={2017},
}

@article{kokkinos2016ubernet,
  title={Ubernet: Training a universal convolutional neural network for low-, mid-, and high-level vision using diverse datasets and limited memory},
  author={Kokkinos, Iasonas},
  journal={arXiv:1609.02132},
  volume={2},
  year={2016},
}

@inproceedings{li2017compactness,
  title={On the compactness, efficiency, and representation of 3D convolutional networks: brain parcellation as a pretext task},
  author={Li, W. and others},
  booktitle={IPMI},
  pages={348--360},
  year={2017},
}

@inproceedings{wolterink2017,
author={Wolterink, J. and others},
title={Deep MR to CT Synthesis Using Unpaired Data},
booktitle={SASHIMI},
year={2017},
pages={14--22},
}

@article{nie2017,
author={Nie, D. and others},
title={Medical image synthesis with context-aware generative adversarial networks},
journal={arXiv:1612.05362},
}

@inproceedings{gal2016dropout,
  title={Dropout as a Bayesian approximation: Representing model uncertainty in deep learning},
  author={Gal, Yarin and Ghahramani, Zoubin},
  booktitle={ICML},
  pages={1050--1059},
  year={2016}
}
@inproceedings{xiao2016learning,
  title={Learning deep feature representations with domain guided dropout for person re-identification},
  author={Xiao, Tong and Li, Hongsheng and Ouyang, Wanli and Wang, Xiaogang},
  booktitle={Proceedings of the IEEE Conference on Computer Vision and Pattern Recognition},
  pages={1249--1258},
  year={2016}
}

@inproceedings{ADAM,
Author = {Diederik P. Kingma and Jimmy Ba},
Title = {Adam: A Method for Stochastic Optimization},
Year = {2015},
booktitle={3rd International Conference for Learning Representations},
}


@inproceedings{taskonomy2018,
  title={Taskonomy: Disentangling Task Transfer Learning},
  author={Amir R. Zamir and Alexander Sax and William B. Shen and Leonidas J. Guibas and Jitendra Malik and Silvio Savarese},
  booktitle={IEEE Conference on Computer Vision and Pattern Recognition (CVPR)},
  year={2018},
  organization={IEEE},
}

@inproceedings{learningwithoutforgetting,
  title={Learning Without Forgetting},
  author={Liz Z. and Hoiem D.},
  booktitle={European Conference in Computer Vision (ECCV)},
  year={2016},
}

@inproceedings{lacost2018,
Author = {Alexandre Lacoste and Boris Oreshkin and Wonchang Chung and Thomas Boquet and Negar Rostamzadeh and David Krueger},
Title = {Uncertainty in Multitask Transfer Learning},
Year = {2018},
booktitle = {arXiv:1806.07528},
}

@inproceedings{yosinsk2014,
Author = {Yosinski J. and Clune J. and Bengio Y. and Lipson H.},
Title = {How transferable are features in deep neural networks?},
Year = {2014},
booktitle = {Neural Information Processing Systems (NIPS)},
}

@article{caruana,
 author = {Caruana, Rich},
 title = {Multitask Learning},
 journal = {Machine learning},
 volume = {28},
 number = {1},
 year = {1997},
 pages = {41--75},
}


@article{ioannou2017deep,
  title={Deep roots: Improving CNN efficiency with hierarchical filter groups},
  author={Ioannou, Yani and Robertson, Duncan and Cipolla, Roberto and Criminisi, Antonio and others},
  year={2017},
  publisher={IEEE}
}

@article{ewc,
  title={Overcoming catastrophic forgetting in neural networks},
  author={Kirkpatrick, J. and Pascanu, R. and Rabinowitz, N. and Veness, J. and Desjardins, G. and others},
  year={2017},
  journal=PNAS,
  volume=114,
  publisher={IEEE}
}



@article{nature_paper,
	Author = {Esteva, Andre and Kuprel, Brett and Novoa, Roberto A. and Ko, Justin and Swetter, Susan M. and Blau, Helen M. and Thrun, Sebastian},
	Journal = {Nature},
	Title = {Dermatologist-level classification of skin cancer with deep neural networks},
	Volume = {542},
	Year = {2017},
}

@InProceedings{zenke2017,
  title = 	 {Continual Learning Through Synaptic Intelligence},
  author = 	 {Friedemann Zenke and Ben Poole and Surya Ganguli},
  booktitle = 	 {Proceedings of the 34th International Conference on Machine Learning},
  pages = 	 {3987--3995},
  year = 	 {2017},
  volume = 	 {70},
}

@inproceedings{MisraCrossMTL16,
  Author =	 {Ishan Misra and Abhinav Shrivastava and Abhinav Gupta and Martial Hebert},
  Booktitle =	 {CVPR},
  Title =	 {{Cross-stitch Networks for Multi-task Learning}},
  Year =	 {2016},
}

@misc{prelu,
Author = {Kaiming He and Xiangyu Zhang and Shaoqing Ren and Jian Sun},
Title = {Delving Deep into Rectifiers: Surpassing Human-Level Performance on ImageNet Classification},
Year = {2015},
Eprint = {arXiv:1502.01852},
}

@misc{preactivation,
Author = {Kaiming He and Xiangyu Zhang and Shaoqing Ren and Jian Sun},
Title = {Identity Mappings in Deep Residual Networks},
Year = {2016},
Eprint = {arXiv:1603.05027},
}

@article{Tustison2010,
  doi = {10.1109/tmi.2010.2046908},
  url = {https://doi.org/10.1109/tmi.2010.2046908},
  year  = {2010},
  publisher = {Institute of Electrical and Electronics Engineers ({IEEE})},
  volume = {29},
  number = {6},
  pages = {1310--1320},
  author = {Nicholas J Tustison and Brian B Avants and Philip A Cook and  Yuanjie Zheng and Alexander Egan and Paul A Yushkevich and James C Gee},
  title = {N4ITK: Improved N3 Bias Correction},
  journal = {{IEEE} Transactions on Medical Imaging}
}

@article{Gibson2018,
  doi = {10.1016/j.cmpb.2018.01.025},
  url = {https://doi.org/10.1016/j.cmpb.2018.01.025},
  year  = {2018},
  publisher = {Elsevier {BV}},
  volume = {158},
  pages = {113--122},
  author = {Eli Gibson and Wenqi Li and Carole Sudre and Lucas Fidon and Dzhoshkun I. Shakir and Guotai Wang and Zach Eaton-Rosen and Robert Gray and Tom Doel and Yipeng Hu and Tom Whyntie and Parashkev Nachev and Marc Modat and Dean C. Barratt and S{\'{e}}bastien Ourselin and M. Jorge Cardoso and Tom Vercauteren},
  title = {{NiftyNet}: a deep-learning platform for medical imaging},
  journal = {Computer Methods and Programs in Biomedicine}
}

@article{Nyul2000,
  doi = {10.1109/42.836373},
  url = {https://doi.org/10.1109/42.836373},
  year  = {2000},
  publisher = {Institute of Electrical and Electronics Engineers ({IEEE})},
  volume = {19},
  number = {2},
  pages = {143--150},
  author = {L.G. Nyul and J.K. Udupa and  Xuan Zhang},
  title = {New variants of a method of {MRI} scale standardization},
  journal = {{IEEE} Transactions on Medical Imaging}
}

@inproceedings{subject2vec,
  title={Subject2Vec: generative-discriminative approach from a set of image oatches to a vector},
  author={S Singla, and M Gong, and S Ravanbakhsh, and F Sciurba, and B Poszos, and KN Batmanghelich},
  booktitle={Medical Image Computing and Computer-Assisted Interventions ({MICCAI})},
  year={2017}
}

@misc{sluice,
Author = {Sebastian Ruder and Joachim Bingel and Isabelle Augenstein and Anders Søgaard},
Title = {Latent Multi-task Architecture Learning},
Year = {2017},
Eprint = {arXiv:1705.08142},
}

@inproceedings{ternary,
Author = {Marc Harper},
Title = {python-ternary: Ternary plots in Python},
Year = {2015},
booktitle = {10.5281/zenodo.34938},
}

 @inproceedings{zhifei2017cvpr,
 title={Age Progression/Regression by Conditional Adversarial Autoencoder},
 author={Zhang, Zhifei, Song, Yang, and Qi, Hairong},
 booktitle={IEEE Conference on Computer Vision and Pattern Recognition (CVPR)},
 year={2017},
 organization={IEEE}
 }
 
@article{wenqi,
Author = {Wenqi Li and Guotai Wang and Lucas Fidon and Sebastien Ourselin and M. Jorge Cardoso and Tom Vercauteren},
Title = {On the Compactness, Efficiency, and Representation of 3D Convolutional Networks: Brain Parcellation as a Pretext Task},
Year = {2017},
Eprint = {arXiv:1707.01992},
Doi = {10.1007/978-3-319-59050-9_28},
}

@inproceedings{Kang2011,
 author = {Kang, Zhuoliang and Grauman, Kristen and Sha, Fei},
 title = {Learning with Whom to Share in Multi-task Feature Learning},
 booktitle = {Proceedings of the 28th International Conference on International Conference on Machine Learning},
 series = {ICML'11},
 year = {2011},
 isbn = {978-1-4503-0619-5},
 location = {Bellevue, Washington, USA},
 pages = {521--528},
 numpages = {8},
 url = {http://dl.acm.org/citation.cfm?id=3104482.3104548},
 acmid = {3104548},
 publisher = {Omnipress},
 address = {USA},
} 


 @article{xue2007,
Author = {Ya Xue, Xuejun Liao, Lawrence Carin, Balaji Krishnapuram},
Title = {Multi-task learning for classification with Dirichlet process priors},
journal = {Journal of Machine Learning Research},
 volume = {8},
 year = {2007},
 pages = {35--63},
}

@misc{zach,
Author = {Zach Eaton-Rosen and Felix Bragman and Sotirios Bisdas and Sebastien Ourselin and M. Jorge Cardoso},
Title = {Towards safe deep learning: accurately quantifying biomarker uncertainty in neural network predictions},
Year = {2018},
Eprint = {arXiv:1806.08640},
}

@misc{kerstin,
Author = {Kerstin Kläser and Pawel Markiewicz and Marta Ranzini and Wenqi Li and Marc Modat and Brian F Hutton and David Atkinson and Kris Thielemans and M Jorge Cardoso and Sebastien Ourselin},
Title = {Deep Boosted Regression for MR to CT Synthesis},
Year = {2018},
Eprint = {arXiv:1808.07431},
}

@misc{meta,
Author = {Yongxi Lu and Abhishek Kumar and Shuangfei Zhai and Yu Cheng and Tara Javidi and Rogerio Feris},
Title = {Fully-adaptive Feature Sharing in Multi-Task Networks with Applications in Person Attribute Classification},
Year = {2016},
Eprint = {arXiv:1611.05377},
}

@misc{vgg,
Author = {Karen Simonyan and Andrew Zisserman},
Title = {Very Deep Convolutional Networks for Large-Scale Image Recognition},
Year = {2014},
Eprint = {arXiv:1409.1556},
}

@article{bengio2013,
 author = {Bengio, Yoshua and Courville, Aaron and Vincent, Pascal},
 title = {Representation Learning: A Review and New Perspectives},
 journal = {IEEE Trans. Pattern Anal. Mach. Intell.},
 issue_date = {August 2013},
 volume = {35},
 number = {8},
 year = {2013},
 pages = {1798--1828},
} 


@inproceedings{kendall2017multi,
  title={Multi-Task Learning Using Uncertainty to Weigh Losses for Scene Geometry and Semantics},
  author={Kendall, Alex and Gal, Yarin and Cipolla, Roberto},
  booktitle={Proceedings of the IEEE Conference on Computer Vision and Pattern Recognition ({CVPR})},
  year={2018}
}

@inproceedings{bragman2018multi,
  title={Uncertainty in multitask learning: joint representations for probabilistic MR-only radiotherapy planning},
  author={Bragman, Felix and Tanno, Ryu and Eaton-Rosen, Zach and Li, Wenqi and Hawkes, David and Ourselin, Sebastien and Alexander, Daniel and McClelland, Jamie and Cardoso, M. Jorge},
  booktitle={Medical Image Computing and Computer-Assisted Interventions ({MICCAI})},
  year={2018}
}

@InProceedings{gradnorm2018,
  title = 	 {{G}rad{N}orm: Gradient Normalization for Adaptive Loss Balancing in Deep Multitask Networks},
  author = 	 {Chen, Zhao and Badrinarayanan, Vijay and Lee, Chen-Yu and Rabinovich, Andrew},
  booktitle = 	 {Proceedings of the 35th International Conference on Machine Learning ({ICML})},
  year = 	 {2018},
  publisher = 	 {PMLR},
}

@InProceedings{ubernet2017,
author = {I. Kokkinos},
booktitle = {2017 IEEE Conference on Computer Vision and Pattern Recognition (CVPR)},
title = {UberNet: Training a Universal Convolutional Neural Network for Low-, Mid-, and High-Level Vision Using Diverse Datasets and Limited Memory},
year = {2017},
}

@InProceedings{jacob2009,
title = {Clustered Multi-Task Learning: A Convex Formulation},
author = {Laurent Jacob and Jean-philippe Vert and Francis R. Bach},
booktitle = {Advances in Neural Information Processing Systems 21},
year = {2009},
}

@article{gal2016uncertainty,
  title={Uncertainty in deep learning},
  author={Gal, Yarin},
  journal={University of Cambridge},
  year={2016}
}
@inproceedings{gal2017concrete,
  title={Concrete dropout},
  author={Gal, Yarin and Hron, Jiri and Kendall, Alex},
  booktitle={Advances in Neural Information Processing Systems},
  pages={3581--3590},
  year={2017}
}
@inproceedings{lu2017fully,
  title={Fully-adaptive Feature Sharing in Multi-Task Networks with Applications in Person Attribute Classification.},
  author={Lu, Yongxi and Kumar, Abhishek and Zhai, Shuangfei and Cheng, Yu and Javidi, Tara and Feris, Rog{\'e}rio Schmidt},
  booktitle={CVPR},
  volume={1},
  number={2},
  pages={6},
  year={2017}
}
@inproceedings{liu2018multi,
  title={Multi-Task Adversarial Network for Disentangled Feature Learning},
  author={Liu, Yang and Wang, Zhaowen and Jin, Hailin and Wassell, Ian},
  booktitle={Proceedings of the IEEE Conference on Computer Vision and Pattern Recognition},
  pages={3743--3751},
  year={2018}
}

@misc{dicex,
Author = {Fabian Isensee and Jens Petersen and Andre Klein and David Zimmerer and Paul F. Jaeger and Simon Kohl and Jakob Wasserthal and Gregor Koehler and Tobias Norajitra and Sebastian Wirkert and Klaus H. Maier-Hein},
Title = {nnU-Net: Self-adapting Framework for U-Net-Based Medical Image Segmentation},
Year = {2018},
Eprint = {arXiv:1809.10486},
}

@inproceedings{meyerson2018beyond,
  title={Beyond Shared Hierarchies: Deep Multitask Learning through Soft Layer Ordering},
  author={Meyerson, Elliot and Miikkulainen, Risto},
  booktitle={International Conference on Learning Representations},
  year={2018}
}
@inproceedings{mejjati2018multi,
  title={Multi-Task Learning by Maximizing Statistical Dependence},
  author={Mejjati, Youssef A and Cosker, Darren and In Kim, Kwang},
  booktitle={Proceedings of the IEEE Conference on Computer Vision and Pattern Recognition},
  pages={3465--3473},
  year={2018}
}
@article{jang2016categorical,
  title={Categorical reparameterization with gumbel-softmax},
  author={Jang, Eric and Gu, Shixiang and Poole, Ben},
  journal={arXiv preprint arXiv:1611.01144},
  year={2016}
}
@article{maddison2016concrete,
  title={The concrete distribution: A continuous relaxation of discrete random variables},
  author={Maddison, Chris J and Mnih, Andriy and Teh, Yee Whye},
  journal={arXiv preprint arXiv:1611.00712},
  year={2016}
}
@article{xue2007multi,
  title={Multi-task learning for classification with dirichlet process priors},
  author={Xue, Ya and Liao, Xuejun and Carin, Lawrence and Krishnapuram, Balaji},
  journal={Journal of Machine Learning Research},
  volume={8},
  number={Jan},
  pages={35--63},
  year={2007}
}
@inproceedings{bousmalis2016domain,
  title={Domain separation networks},
  author={Bousmalis, Konstantinos and Trigeorgis, George and Silberman, Nathan and Krishnan, Dilip and Erhan, Dumitru},
  booktitle={Advances in Neural Information Processing Systems},
  pages={343--351},
  year={2016}
}
@article{kim2018disentangling,
  title={Disentangling by factorising},
  author={Kim, Hyunjik and Mnih, Andriy},
  journal={arXiv preprint arXiv:1802.05983},
  year={2018}
}
@inproceedings{Ruder2019SluiceNL,
  title={Latent Multi-task Architecture Learning},
  author={Sebastian Ruder and Joachim Bingel and Isabelle Augenstein and Anders S{\o}gaard},
  journal={AAAI},
  year={2019},
}
@inproceedings{long2017learning,
  title={Learning multiple tasks with deep relationship networks},
  author={Long, Mingsheng and Wang, Jianmin},
  booktitle={Advances in Neural Information Processing Systems},
  year={2017}
}
@inproceedings{kokkinos2017ubernet,
  title={Ubernet: Training a universal convolutional neural network for low-, mid-, and high-level vision using diverse datasets and limited memory},
  author={Kokkinos, Iasonas},
  booktitle={Proceedings of the IEEE Conference on Computer Vision and Pattern Recognition},
  pages={6129--6138},
  year={2017}
}
@article{caruana1997multitask,
  title={Multitask learning},
  author={Caruana, Rich},
  journal={Machine learning},
  volume={28},
  number={1},
  pages={41--75},
  year={1997},
  publisher={Springer}
}
@inproceedings{tanno2018autodvt,
  title={AutoDVT: Joint Real-Time Classification for Vein Compressibility Analysis in Deep Vein Thrombosis Ultrasound Diagnostics},
  author={Tanno, Ryutaro and Makropoulos, Antonios and Arslan, Salim and Oktay, Ozan and Mischkewitz, Sven and Al-Noor, Fouad and Oppenheimer, Jonas and Mandegaran, Ramin and Kainz, Bernhard and Heinrich, Mattias P},
  booktitle={International Conference on Medical Image Computing and Computer-Assisted Intervention},
  pages={905--912},
  year={2018},
  organization={Springer}
}
@article{ranjan2019hyperface,
  title={Hyperface: A deep multi-task learning framework for face detection, landmark localization, pose estimation, and gender recognition},
  author={Ranjan, Rajeev and Patel, Vishal M and Chellappa, Rama},
  journal={IEEE Transactions on Pattern Analysis and Machine Intelligence},
  volume={41},
  number={1},
  pages={121--135},
  year={2019},
  publisher={IEEE}
}
@inproceedings{jou2016deep,
  title={Deep cross residual learning for multitask visual recognition},
  author={Jou, Brendan and Chang, Shih-Fu},
  booktitle={Proceedings of the 24th ACM international conference on Multimedia},
  pages={998--1007},
  year={2016},
  organization={ACM}
}
@inproceedings{huang2015cross,
  title={Cross-domain image retrieval with a dual attribute-aware ranking network},
  author={Huang, Junshi and Feris, Rogerio S and Chen, Qiang and Yan, Shuicheng},
  booktitle={Proceedings of the IEEE international conference on computer vision},
  pages={1062--1070},
  year={2015}
}
@inproceedings{eigen2015predicting,
  title={Predicting depth, surface normals and semantic labels with a common multi-scale convolutional architecture},
  author={Eigen, David and Fergus, Rob},
  booktitle={Proceedings of the IEEE international conference on computer vision},
  pages={2650--2658},
  year={2015}
}
@inproceedings{sermanet2014overfeat,
  title={Overfeat: Integrated recognition, localization and detection using convolutional networks},
  author={Sermanet, Pierre and Eigen, David and Zhang, Xiang and Mathieu, Micha{\"e}l and Fergus, Rob and LeCun, Yann},
  booktitle={ICLR},
  year={2014}
}
@inproceedings{bilen2016integrated,
  title={Integrated perception with recurrent multi-task neural networks},
  author={Bilen, Hakan and Vedaldi, Andrea},
  booktitle={Advances in neural information processing systems},
  pages={235--243},
  year={2016}
}
@inproceedings{moeskops2016deep,
  title={Deep learning for multi-task medical image segmentation in multiple modalities},
  author={Moeskops, Pim and Wolterink, Jelmer M and van der Velden, Bas HM and Gilhuijs, Kenneth GA and Leiner, Tim and Viergever, Max A and I{\v{s}}gum, Ivana},
  booktitle={International Conference on Medical Image Computing and Computer-Assisted Intervention},
  pages={478--486},
  year={2016},
  organization={Springer}
}
@inproceedings{chen2016bridging,
  title={Bridging computational features toward multiple semantic features with multi-task regression: A study of CT pulmonary nodules},
  author={Chen, Sihong and Ni, Dong and Qin, Jing and Lei, Baiying and Wang, Tianfu and Cheng, Jie-Zhi},
  booktitle={International Conference on Medical Image Computing and Computer-Assisted Intervention},
  pages={53--60},
  year={2016},
  organization={Springer}
}
@inproceedings{zeiler2014visualizing,
  title={Visualizing and understanding convolutional networks},
  author={Zeiler, Matthew D and Fergus, Rob},
  booktitle={European conference on computer vision},
  pages={818--833},
  year={2014},
  organization={Springer}
}
@article{ruder2017overview,
  title={An overview of multi-task learning in deep neural networks},
  author={Ruder, Sebastian},
  journal={arXiv preprint arXiv:1706.05098},
  year={2017}
}
@inproceedings{liang2018evolutionary,
  title={Evolutionary architecture search for deep multitask networks},
  author={Liang, Jason and Meyerson, Elliot and Miikkulainen, Risto},
  booktitle={Proceedings of the Genetic and Evolutionary Computation Conference},
  pages={466--473},
  year={2018},
  organization={ACM}
}
@inproceedings{tanno2017bayesian,
  title={Bayesian image quality transfer with CNNs: exploring uncertainty in dMRI super-resolution},
  author={Tanno, Ryutaro and Worrall, Daniel E and Ghosh, Aurobrata and Kaden, Enrico and Sotiropoulos, Stamatios N and Criminisi, Antonio and Alexander, Daniel C},
  booktitle={International Conference on Medical Image Computing and Computer-Assisted Intervention},
  pages={611--619},
  year={2017},
  organization={Springer}
}
@inproceedings{lakshminarayanan2017simple,
  title={Simple and scalable predictive uncertainty estimation using deep ensembles},
  author={Lakshminarayanan, Balaji and Pritzel, Alexander and Blundell, Charles},
  booktitle={Advances in Neural Information Processing Systems},
  pages={6402--6413},
  year={2017}
}
@article{ioffe2015batch,
  title={Batch normalization: Accelerating deep network training by reducing internal covariate shift},
  author={Ioffe, Sergey and Szegedy, Christian},
  journal={arXiv preprint arXiv:1502.03167},
  year={2015}
}
@inproceedings{AdaptiveNeuralTrees19,
  title={Adaptive Neural Trees},
  author={Tanno, Ryutaro and Arulkumaran, Kai and Alexander, Daniel and Criminisi, Antonio and Nori, Aditya},
  booktitle={Proceedings of the 36th International Conference on Machine Learning (ICML)},
  year={2019},
}
@inproceedings{sfg2019,
  title={Stochastic Filter Groups for Multi-Task CNNs: Learning Specialist and Generalist Convolution Kernels},
  author={Bragman, Felix JS and Tanno, Ryutaro and Ourselin, Sebastien and Alexander, Daniel C and Cardoso, M Jorge},
  booktitle={Proceedings of the International Conference on Computer Vision (ICCV)},
  year={2019}
}
@unpublished{tannonimg2019,
author={Tanno, Ryutaro and Worrall, Daniel and Kaden, Enrico and Ghosh, Aurobrata and Grussu, Francesco and Bizzi, Alberto and Sotiropoulos, Stamatios N and Criminisi, Antonio and Alexander, Daniel C},
title={Uncertainty Quantification in Deep Learning for Safer Neuroimage Enhancement},
year={2019},
addendum={Under review at Neuroimage}
}
@article{esteva2019guide,
  title={A guide to deep learning in healthcare},
  author={Esteva, Andre and Robicquet, Alexandre and Ramsundar, Bharath and Kuleshov, Volodymyr and DePristo, Mark and Chou, Katherine and Cui, Claire and Corrado, Greg and Thrun, Sebastian and Dean, Jeff},
  journal={Nature medicine},
  volume={25},
  number={1},
  pages={24},
  year={2019},
  publisher={Nature Publishing Group}
}
@inproceedings{iglesias2011combining,
  title={Combining generative and discriminative models for semantic segmentation of CT scans via active learning},
  author={Iglesias, Juan Eugenio and Konukoglu, Ender and Montillo, Albert and Tu, Zhuowen and Criminisi, Antonio},
  booktitle={Biennial International Conference on Information Processing in Medical Imaging},
  pages={25--36},
  year={2011},
  organization={Springer}
}
@incollection{harvey2019standardised,
  title={A Standardised Approach for Preparing Imaging Data for Machine Learning Tasks in Radiology},
  author={Harvey, Hugh and Glocker, Ben},
  booktitle={Artificial Intelligence in Medical Imaging},
  pages={61--72},
  year={2019},
  publisher={Springer}
}
@incollection{van2019quality,
  title={Quality and Curation of Medical Images and Data},
  author={van Ooijen, Peter MA},
  booktitle={Artificial Intelligence in Medical Imaging},
  pages={247--255},
  year={2019},
  publisher={Springer}
}
@article{esteva2017dermatologist,
  title={Dermatologist-level classification of skin cancer with deep neural networks},
  author={Esteva, Andre and Kuprel, Brett and Novoa, Roberto A and Ko, Justin and Swetter, Susan M and Blau, Helen M and Thrun, Sebastian},
  journal={Nature},
  volume={542},
  number={7639},
  pages={115},
  year={2017},
  publisher={Nature Publishing Group}
}
@article{gulshan2016development,
  title={Development and validation of a deep learning algorithm for detection of diabetic retinopathy in retinal fundus photographs},
  author={Gulshan, Varun and Peng, Lily and Coram, Marc and Stumpe, Martin C and Wu, Derek and Narayanaswamy, Arunachalam and Venugopalan, Subhashini and Widner, Kasumi and Madams, Tom and Cuadros, Jorge and others},
  journal={Jama},
  volume={316},
  number={22},
  pages={2402--2410},
  year={2016},
  publisher={American Medical Association}
}
@article{rajpurkar2017chexnet,
  title={Chexnet: Radiologist-level pneumonia detection on chest x-rays with deep learning},
  author={Rajpurkar, Pranav and Irvin, Jeremy and Zhu, Kaylie and Yang, Brandon and Mehta, Hershel and Duan, Tony and Ding, Daisy and Bagul, Aarti and Langlotz, Curtis and Shpanskaya, Katie and others},
  journal={arXiv preprint arXiv:1711.05225},
  year={2017}
}
@article{wu2019deep,
  title={Deep Neural Networks Improve Radiologists' Performance in Breast Cancer Screening},
  author={Wu, Nan and Phang, Jason and Park, Jungkyu and Shen, Yiqiu and Huang, Zhe and Zorin, Masha and Jastrzebski, Stanislaw and Fevry, Thibault and Katsnelson, Joe and Kim, Eric and others},
  year={2019}
}
@article{lecun2015deep,
  title={Deep learning},
  author={LeCun, Yann and Bengio, Yoshua and Hinton, Geoffrey},
  journal={nature},
  volume={521},
  number={7553},
  pages={436},
  year={2015},
  publisher={Nature Publishing Group}
}
@article{ghahramani2015probabilistic,
  title={Probabilistic machine learning and artificial intelligence},
  author={Ghahramani, Zoubin},
  journal={Nature},
  volume={521},
  number={7553},
  pages={452},
  year={2015},
  publisher={Nature Publishing Group}
}