@incollection{alexander2014image,
	title={Image quality transfer via random forest regression: applications in diffusion {MRI}},
	author={Alexander, Daniel C and et al.},
	booktitle={MICCAI 2014},
	pages={225--232},
	year={2014},
	publisher={Springer}
}
@book{criminisi2013decision,
	title={Decision forests for computer vision and medical image analysis},
	author={Criminisi, Antonio and Shotton, Jamie},
	year={2013},
	publisher={Springer}
}
@article{mackay1992bayesian,
	title={Bayesian interpolation},
	author={MacKay, David JC},
	journal={Neural computation},
	volume={4},
	number={3},
	pages={415--447},
	year={1992},
	publisher={MIT Press}
}
@article{wang2004image,
  title={Image quality assessment: from error visibility to structural similarity},
  author={Wang, Zhou and Bovik, Alan Conrad and Sheikh, Hamid Rahim and Simoncelli, Eero P},
  journal={IEEE Trans Image Proc},
  volume={13},
  number={4},
  year={2004},
  publisher={IEEE}
}
@article{alexander2001analysis,
  title={Analysis of partial volume effects in diffusion-tensor {MRI}},
  author={Alexander, Andrew L and Hasan, Khader M and Lazar, Mariana and Tsuruda, Jay S and Parker, Dennis L},
  journal={MR in Medicine},
  volume={45},
  number={5},
  year={2001},
  publisher={Wiley Online Library}
}
@article{oouchi2007diffusion,
  title={Diffusion anisotropy measurement of brain white matter is affected by voxel size: underestimation occurs in areas with crossing fibers},
  author={Oouchi, H and Yamada, K and Sakai, K and Kizu, O and Kubota, T and Ito, H and Nishimura, T},
  journal={American Journal of Neuroradiology},
  volume={28},
  number={6},
  pages={1102--1106},
  year={2007},
  publisher={Am Soc Neuroradiology}
}
@article{wang2014sparse,
	title={Sparse representation-based {MRI} super-resolution reconstruction},
	author={Wang, Yun-Heng and Qiao, Jiaqing and Li, Jun-Bao and Fu, Ping and Chu, Shu-Chuan and Roddick, John F},
	journal={Measurement},
	volume={47},
	year={2014},
	publisher={Elsevier}
}
@article{rueda2013single,
	title={Single-image super-resolution of brain {MR} images using overcomplete dictionaries},
	author={Rueda, Andrea and Malpica, Norberto and Romero, Eduardo},
	journal={MIA},
	volume={17},
	number={1},
	pages={113--132},
	year={2013},
	publisher={Elsevier}
}
@article{rousseau2006registration,
	title={Registration-based approach for reconstruction of high-resolution in utero fetal {MR} brain images},
	author={Rousseau, Francois and Glenn, Orit A and Iordanova, Bistra and Rodriguez-Carranza, Claudia and Vigneron, Daniel B and Barkovich, James A and Studholme, Colin},
	journal={Academic radiology},
	volume={13},
	number={9},
	pages={1072--1081},
	year={2006},
	publisher={Elsevier}
}
@article{scherrer2012super,
	title={Super-resolution reconstruction to increase the spatial resolution of diffusion weighted images from orthogonal anisotropic acquisitions},
	author={Scherrer, Benoit and Gholipour, Ali and Warfield, Simon K},
	journal={Medical image analysis},
	volume={16},
	number={7},
	pages={1465--1476},
	year={2012},
	publisher={Elsevier}
}
@article{poot2013super,
	title={Super-resolution for multislice diffusion tensor imaging},
	author={Poot, Dirk HJ and et al.},
	journal={Mag. Res. Med.},
	volume={69},
	number={1},
	pages={103--113},
	year={2013},
	publisher={Wiley Online Library}
}
@incollection{rousseau2008brain,
	title={Brain hallucination},
	author={Rousseau, Fran{\c{c}}ois},
	booktitle={ECCV 2008},
	pages={497--508},
	year={2008},
	publisher={Springer}
}


@article{rueda2013single,
	title={Single-image super-resolution of brain {MR} images using overcomplete dictionaries},
	author={Rueda, Andrea and Malpica, Norberto and Romero, Eduardo},
	journal={Medical image analysis},
	volume={17},
	number={1},
	pages={113--132},
	year={2013},
	publisher={Elsevier}
}
@article{coupe2013collaborative,
	title={Collaborative patch-based super-resolution for diffusion-weighted images},
	author={Coup{\'e}, Pierrick, and et al.},
	journal={NeuroImage},
	volume={83},
	pages={245--261},
	year={2013},
	publisher={Elsevier}
}
@article{sotiropoulos2013advances,
	title={Advances in diffusion {MRI} acquisition and processing in the Human Connectome Project},
	author={Sotiropoulos, Stamatios N and et al.},
	journal={Neuroimage},
	volume={80},
	pages={125--143},
	year={2013},
	publisher={Elsevier}
}
@article{breiman2001random,
	title={Random forests},
	author={Breiman, Leo},
	journal={Machine learning},
	volume={45},
	number={1},
	pages={5--32},
	year={2001},
	publisher={Springer}
}
@article{metzler2014csf,
	title={{CSF} contamination contributes to apparent microstructural alterations in mild cognitive impairment},
	author={Rok Berlot, Metzler-Baddeley, Claudia and Jones, Derek K and O'Sullivan, Michael J and others},
	journal={Neuroimage},
	volume={92},
	pages={27--35},
	year={2014},
	publisher={Elsevier}
}

@book{friedman2001elements,
  title={The elements of statistical learning},
  author={Friedman, Jerome and Hastie, Trevor and Tibshirani, Robert},
  volume={1},
  year={2001},
  publisher={Springer series in statistics Springer, Berlin}
}
@article{honey2010can,
  title={Can structure predict function in the human brain?},
  author={Honey, Christopher J and Thivierge, Jean-Philippe and Sporns, Olaf},
  journal={Neuroimage},
  volume={52},
  number={3},
  pages={766--776},
  year={2010},
  publisher={Elsevier}
}
@article{pajevic1999color,
  title={Color schemes to represent the orientation of anisotropic tissues from diffusion tensor data: application to white matter fiber tract mapping in the human brain},
  author={Pajevic, Sinisa and Pierpaoli, Carlo and others},
  journal={Magnetic resonance in medicine},
  volume={42},
  number={3},
  pages={526--540},
  year={1999}
}
@article{sotiropoulos2013rubix,
  title={RubiX: combining spatial resolutions for Bayesian inference of crossing fibers in diffusion {MRI}},
  author={Sotiropoulos, Stamatios N and Jbabdi, Saad and Andersson, Jesper L and Woolrich, Mark W and Ugurbil, Kamil and Behrens, Timothy EJ},
  journal={IEEE transactions on medical imaging},
  volume={32},
  number={6},
  pages={969--982},
  year={2013},
  publisher={IEEE}
}
@incollection{ning2015,
	title={A compressed-sensing approach for super-resolution reconstruction of diffusion {MRI}},
	author={L Ning, K. Setsompop, O. Mikhailovich, N. Makris, C-F Westin, and Y Rathi},
	booktitle={IPMI 2015},
	pages={57--68},
	year={2015},
	publisher={Springer}
}
@article{steenkiste2016super,
  title={Super-resolution reconstruction of diffusion parameters from diffusion-weighted images with different slice orientations},
  author={Steenkiste, Gwendolyn and Jeurissen, Ben and Veraart, Jelle and den Dekker, Arnold J and Parizel, Paul M and Poot, Dirk HJ and Sijbers, Jan},
  journal={Magnetic resonance in medicine},
  volume={75},
  number={1},
  pages={181--195},
  year={2016},
  publisher={Wiley Online Library}
}
@incollection{yoldemir2014dictionary,
  title={Dictionary Based Super-Resolution for Diffusion {MRI}},
  author={Yoldemir, Burak and Bajammal, Mohammad and Abugharbieh, Rafeef},
  booktitle={Computational Diffusion MRI},
  pages={203--213},
  year={2014},
  publisher={Springer}
}
@article{zhang2012noddi,
  title={{NODDI}: practical in vivo neurite orientation dispersion and density imaging of the human brain},
  author={Zhang, Hui and Schneider, Torben and Wheeler-Kingshott, Claudia A and Alexander, Daniel C},
  journal={Neuroimage},
  volume={61},
  number={4},
  pages={1000--1016},
  year={2012},
  publisher={Elsevier}
}
@article{kaden2015quantitative,
  title={Quantitative mapping of the per-axon diffusion coefficients in brain white matter},
  author={Kaden, Enrico and Kruggel, Frithjof and Alexander, Daniel C},
  journal={Magnetic resonance in medicine},
  year={2015},
  publisher={Wiley Online Library}
}
@article{assaf2013connect,
  title={The {CONNECT} project: combining macro-and micro-structure},
  author={Assaf, Yaniv and Alexander, Daniel C and Jones, Derek K and Bizzi, Albero and Behrens, Tim EJ and Clark, Chris A and Cohen, Yoram and Dyrby, Tim B and Huppi, Petra S and Knoesche, Thomas R and others},
  journal={Neuroimage},
  volume={80},
  pages={273--282},
  year={2013},
  publisher={Elsevier}
}
@inproceedings{ye2013modality,
  title={Modality propagation: coherent synthesis of subject-specific scans with data-driven regularization},
  author={Ye, Dong Hye and Zikic, Darko and Glocker, Ben and Criminisi, Antonio and Konukoglu, Ender},
  booktitle={International Conference on Medical Image Computing and Computer-Assisted Intervention},
  pages={606--613},
  year={2013},
  organization={Springer}
}
@article{jog2015mr,
  title={{MR} image synthesis by contrast learning on neighborhood ensembles},
  author={Jog, Amod and Carass, Aaron and Roy, Snehashis and Pham, Dzung L and Prince, Jerry L},
  journal={Medical image analysis},
  volume={24},
  number={1},
  pages={63--76},
  year={2015},
  publisher={Elsevier}
}
@inproceedings{burgos2015robust,
  title={Robust {CT} synthesis for radiotherapy planning: Application to the head and neck region},
  author={Burgos, Ninon and Cardoso, M Jorge and Guerreiro, Filipa and Veiga, Catarina and Modat, Marc and McClelland, Jamie and Knopf, Antje-Christin and Punwani, Shonit and Atkinson, David and Arridge, Simon R and others},
  booktitle={International Conference on Medical Image Computing and Computer-Assisted Intervention},
  pages={476--484},
  year={2015},
  organization={Springer}
}
@article{wein2008automatic,
  title={Automatic {CT}-ultrasound registration for diagnostic imaging and image-guided intervention},
  author={Wein, Wolfgang and Brunke, Shelby and Khamene, Ali and Callstrom, Matthew R and Navab, Nassir},
  journal={Medical image analysis},
  volume={12},
  number={5},
  pages={577--585},
  year={2008},
  publisher={Elsevier}
}
@article{behrens2007probabilistic,
  title={Probabilistic diffusion tractography with multiple fibre orientations: What can we gain?},
  author={Behrens, TEJ and Berg, H Johansen and Jbabdi, Saad and Rushworth, MFS and Woolrich, MW},
  journal={Neuroimage},
  volume={34},
  number={1},
  pages={144--155},
  year={2007},
  publisher={Elsevier}
}
@article{parker2005probabilistic,
  title={Probabilistic anatomical connectivity derived from the microscopic persistent angular structure of cerebral tissue},
  author={Parker, Geoffrey JM and Alexander, Daniel C},
  journal={Philosophical Transactions of the Royal Society of London B: Biological Sciences},
  volume={360},
  number={1457},
  pages={893--902},
  year={2005},
  publisher={The Royal Society}
}
@article{ozarslan2013mean,
  title={Mean apparent propagator {MRI}: a novel diffusion imaging method for mapping tissue microstructure},
  author={{\"O}zarslan, Evren and Koay, Cheng Guan and Shepherd, Timothy M and Komlosh, Michal E and {\.I}rfano{\u{g}}lu, M Okan and Pierpaoli, Carlo and Basser, Peter J},
  journal={NeuroImage},
  volume={78},
  pages={16--32},
  year={2013},
  publisher={Elsevier}
}
@inproceedings{auro2015monkey,
  title={Generalisability of Image Quality Transfer: Can we approximate in-vivo human brains from dead monkey brains?},
  author={Ghosh, A and Wottschel, V and Kaden, E and Zhang, H and Sotiropoulos, S N and Zikic, D and Dyrby, T B and Criminisi, Antonio and Alexander, Daniel C},
  booktitle={Intl Society for Magnetic Resonance in Medicine (ISMRM)},
  year={2016},
}
@inproceedings{alexander2015tract,
  title={Image quality transfer benefits tractography of low-resolution data},
  author={Alexander, Daniel C and Ghosh, Aurobrata and Hurley, Samuel A and Sotiropoulos, Stamatios N},
  booktitle={Intl Society for Magnetic Resonance in Medicine (ISMRM)},
  year={2016},
}
@article{graham2016realistic,
  title={Realistic simulation of artefacts in diffusion {MRI} for validating post-processing correction techniques},
  author={Graham, Mark S and Drobnjak, Ivana and Zhang, Hui},
  journal={NeuroImage},
  volume={125},
  pages={1079--1094},
  year={2016},
  publisher={Elsevier}
}
@article{manjon2010non,
  title={Non-local {MRI} upsampling},
  author={Manj{\'o}n, Jos{\'e} V and Coup{\'e}, Pierrick and Buades, Antonio and Fonov, Vladimir and Collins, D Louis and Robles, Montserrat},
  journal={Medical image analysis},
  volume={14},
  number={6},
  pages={784--792},
  year={2010},
  publisher={Elsevier}
}
@article{freeman2011markov,
  title={Markov random fields for super-resolution and texture synthesis},
  author={Freeman, WT and Liu, Ce},
  journal={Advances in Markov Random Fields for Vision and Image Processing},
  volume={1},
  pages={155--165},
  year={2011},
  publisher={Cambridge, MA, USA: MIT Press}
}
@book{li2009markov,
  title={Markov random field modeling in image analysis},
  author={Li, Stan Z},
  year={2009},
  publisher={Springer Science \& Business Media}
}
@article{ma2013magnetic,
  title={Magnetic resonance fingerprinting},
  author={Ma, Dan and Gulani, Vikas and Seiberlich, Nicole and Liu, Kecheng and Sunshine, Jeffrey L and Duerk, Jeffrey L and Griswold, Mark A},
  journal={Nature},
  volume={495},
  number={7440},
  pages={187--192},
  year={2013},
  publisher={Nature Publishing Group}
}
@article{coppooverview,
  title={Overview of Magnetic Resonance Fingerprinting},
  author={Coppo, Simone and Mehta, Bhairav B and McGivney, Debra and Ma, Dan and Chen, Yong and Jiang, Yun and Hamilton, Jesse and Pahwa, Shivani and Badve, Chaitra and Seiberlich, Nicole and others}
}
@article{mcgivney2014svd,
  title={{SVD} compression for magnetic resonance fingerprinting in the time domain},
  author={McGivney, Debra F and Pierre, Eric and Ma, Dan and Jiang, Yun and Saybasili, Haris and Gulani, Vikas and Griswold, Mark A},
  journal={IEEE transactions on medical imaging},
  volume={33},
  number={12},
  pages={2311--2322},
  year={2014},
  publisher={IEEE}
}
@article{konukoglu2013neighbourhood,
  title={Neighbourhood approximation using randomized forests},
  author={Konukoglu, Ender and Glocker, Ben and Zikic, Darko and Criminisi, Antonio},
  journal={Medical image analysis},
  volume={17},
  number={7},
  pages={790--804},
  year={2013},
  publisher={Elsevier}
}
@article{hinton2006reducing,
  title={Reducing the dimensionality of data with neural networks},
  author={Hinton, Geoffrey E and Salakhutdinov, Ruslan R},
  journal={Science},
  volume={313},
  number={5786},
  pages={504--507},
  year={2006},
  publisher={American Association for the Advancement of Science}
}
@inproceedings{shotton2013decision,
  title={Decision jungles: Compact and rich models for classification},
  author={Shotton, Jamie and Sharp, Toby and Kohli, Pushmeet and Nowozin, Sebastian and Winn, John and Criminisi, Antonio},
  booktitle={Advances in Neural Information Processing Systems},
  pages={234--242},
  year={2013}
}
@inproceedings{lee2009convolutional,
  title={Convolutional deep belief networks for scalable unsupervised learning of hierarchical representations},
  author={Lee, Honglak and Grosse, Roger and Ranganath, Rajesh and Ng, Andrew Y},
  booktitle={Proceedings of the 26th annual international conference on machine learning},
  pages={609--616},
  year={2009},
  organization={ACM}
}
@article{kamnitsas2015multi,
  title={Multi-Scale 3D Convolutional Neural Networks for Lesion Segmentation in Brain {MRI}},
  author={Kamnitsas, Konstantinos and Chen, Liang and Ledig, Christian and Rueckert, Daniel and Glocker, Ben},
  journal={Ischemic Stroke Lesion Segmentation},
  pages={13},
  year={2015}
}
@article{bishop2006pattern,
  title={Pattern recognition},
  author={Bishop, Christopher M},
  journal={Machine Learning},
  volume={128},
  year={2006}
}