@article{stanley2002evolving,
  title={Evolving neural networks through augmenting topologies},
  author={Stanley, Kenneth O and Miikkulainen, Risto},
  journal={Evolutionary computation},
  year={2002},
  publisher={MIT Press}
}
@article{ioannou2016decision,
  title={Decision forests, convolutional networks and the models in-between},
  author={Ioannou, Yani and Robertson, Duncan and Zikic, Darko and Kontschieder, Peter and Shotton, Jamie and Brown, Matthew and Criminisi, Antonio},
  journal={CoRR},
  year={2016}
}
@inproceedings{kontschieder2015deep,
  title={Deep neural decision forests},
  author={Kontschieder, Peter and Fiterau, Madalina and Criminisi, Antonio and Rota Bulo, Samuel},
  booktitle={ICCV},
  pages={1467--1475},
  year={2015}
}
@inproceedings{rota2014neural,
  title={Neural decision forests for semantic image labelling},
  author={Rota Bulo, Samuel and Kontschieder, Peter},
  booktitle={Proceedings of the IEEE Conference on Computer Vision and Pattern Recognition},
  pages={81--88},
  year={2014}
}
@article{suarez1999globally,
  title={Globally optimal fuzzy decision trees for classification and regression},
  author={Su{\'a}rez, Alberto and Lutsko, James F},
  journal={IEEE Transactions. PAMI},
  volume={21},
  number={12},
  pages={1297--1311},
  year={1999},
  publisher={IEEE}
}
@article{wu1983convergence,
  title={On the convergence properties of the EM algorithm},
  author={Wu, CF Jeff},
  journal={The Annals of statistics},
  year={1983},
  publisher={JSTOR}
}
@inproceedings{bengio2013deep,
  title={Deep learning of representations: Looking forward},
  author={Bengio, Yoshua},
  booktitle={International Conference on Statistical Language and Speech Processing},
  pages={1--37},
  year={2013},
  organization={Springer}
}
@inproceedings{deng2009imagenet,
  title={Imagenet: A large-scale hierarchical image database},
  author={Deng, Jia and Dong, Wei and Socher, Richard and Li, Li-Jia and Li, Kai and Fei-Fei, Li},
  booktitle={CVPR},
  year={2009}
}
@inproceedings{szegedy2015going,
  title={Going deeper with convolutions},
  author={Szegedy, Christian and Liu, Wei and Jia, Yangqing and Sermanet, Pierre and Reed, Scott and Anguelov, Dragomir and Erhan, Dumitru and Vanhoucke, Vincent and Rabinovich, Andrew and others},
  year={2015},
  booktitle={CVPR}
}
@inproceedings{greff2017neural,
  title={Neural Expectation Maximization},
  author={Greff, Klaus and van Steenkiste, Sjoerd and Schmidhuber, J{\"u}rgen},
  booktitle={Advances in neural information processing systems},
  year={2017}
}
@article{brock2017smash,
  title={SMASH: one-shot model architecture search through hypernetworks},
  author={Brock, Andrew and Lim, Theodore and Ritchie, James M and Weston, Nick},
 journal={CoRR},
  year={2017}
}
@inproceedings{li2017hyperband,
  title={Hyperband: A novel bandit-based approach to hyperparameter optimization},
  author={Li, Lisha and Jamieson, Kevin and DeSalvo, Giulia and Rostamizadeh, Afshin and Talwalkar, Ameet},
  journal={ICLR},
  year={2017}
}
@article{dempster1977maximum,
  title={Maximum likelihood from incomplete data via the EM algorithm},
  author={Dempster, Arthur P and Laird, Nan M and Rubin, Donald B},
  journal={Journal of the royal statistical society. Series B (methodological)},
  pages={1--38},
  year={1977},
  publisher={JSTOR}
}
@article{jordan1994hierarchical,
  title={Hierarchical mixtures of experts and the EM algorithm},
  author={Jordan, Michael I and Jacobs, Robert A},
  journal={Neural computation},
  year={1994},
  publisher={MIT Press}
}
@inproceedings{bishop2002bayesian,
  title={Bayesian hierarchical mixtures of experts},
  author={Bishop, Christopher M and Svenskn, Markus},
  booktitle={UAI},
  year={2002},
  organization={Morgan Kaufmann Publishers Inc.}
}
@article{veit2017convolutional,
  title={Convolutional Networks with Adaptive Computation Graphs},
  author={Veit, Andreas and Belongie, Serge},
  journal={CoRR},
  year={2017}
}
@inproceedings{nair2010rectified,
  title={Rectified linear units improve restricted boltzmann machines},
  author={Nair, Vinod and Hinton, Geoffrey E},
  booktitle={ICML},
  pages={807--814},
  year={2010}
}
@article{Figurnov2017SpatiallyAC,
  title={Spatially Adaptive Computation Time for Residual Networks},
  author={Michael Figurnov and Maxwell D. Collins and Yukun Zhu and Li Zhang and Jonathan Huang and Dmitry P. Vetrov and Ruslan Salakhutdinov},
  journal={CVPR},
  year={2017},
  pages={1790-1799}
}
@article{frosst2017distilling,
  title={Distilling a Neural Network Into a Soft Decision Tree},
  author={Frosst, Nicholas and Hinton, Geoffrey E},
  journal={CoRR},
  year={2017}
}
@article{liu2017progressive,
  title={Progressive Neural Architecture Search},
  author={Liu, Chenxi and Zoph, Barret and Shlens, Jonathon and Hua, Wei and Li, Li-Jia and Fei-Fei, Li and Yuille, Alan and Huang, Jonathan and Murphy, Kevin},
  journal={CoRR},
  year={2017}
}
@article{Shazeer2017OutrageouslyLN,
  title={Outrageously Large Neural Networks: The Sparsely-Gated Mixture-of-Experts Layer},
  author={Noam Shazeer and Azalia Mirhoseini and Krzysztof Maziarz and Andy Davis and Quoc V. Le and Geoffrey E. Hinton and Jeff Dean},
  journal={ICLR},
  year={2017},
  volume={abs/1701.06538}
}
@inproceedings{xiao2014errordriven,
author = {Xiao, Tianjun and Zhang, Jiaxing and Yang, Kuiyuan and Peng, Yuxin and Zhang, Zheng},
title = {Error-Driven Incremental Learning in Deep Convolutional Neural Network for Large-Scale Image Classification},
booktitle = {ACM Multimedia},
year = {2014},
}
@inproceedings{zhou2017deepft,
  title={Deep Forest: Towards An Alternative to Deep Neural Networks},
  author={Zhi-Hua Zhou and Ji Feng},
  booktitle={IJCAI},
  year={2017}
}
@inproceedings{fahlman1990cascade,
  title={The cascade-correlation learning architecture},
  author={Fahlman, Scott E and Lebiere, Christian},
  booktitle={Advances in neural information processing systems},
  pages={524--532},
  year={1990}
}
@article{Graves2016AdaptiveCT,
  title={Adaptive Computation Time for Recurrent Neural Networks},
  author={Alex Graves},
  journal={CoRR},
  year={2016},
  volume={abs/1603.08983}
}
@inproceedings{Teerapittayanon2016BranchyNetFI,
  title={BranchyNet: Fast inference via early exiting from deep neural networks},
  author={Surat Teerapittayanon and Bradley McDanel and H. T. Kung},
  booktitle={ICPR},
  year={2016}
}
@article{Huang2017LearningDR,
  title={Learning Deep ResNet Blocks Sequentially using Boosting Theory},
  author={Furong Huang and Jordan T. Ash and John Langford and Robert E. Schapire},
  journal={CoRR},
  year={2017},
}
@article{lee2017lifelong,
  title={Lifelong Learning with Dynamically Expandable Networks},
  author={Lee, Jeongtae and Yun, Jaehong and Hwang, Sungju and Yang, Eunho},
  journal={CoRR},
  year={2017}
}
@inproceedings{montillo2011entangled,
  title={Entangled decision forests and their application for semantic segmentation of CT images},
  author={Montillo, Albert and Shotton, Jamie and Winn, John and Iglesias, Juan Eugenio and Metaxas, Dimitri and Criminisi, Antonio},
  booktitle={Biennial International Conference on Information Processing in Medical Imaging},
  pages={184--196},
  year={2011},
  organization={Springer}
}
@inproceedings{kontschieder2013geof,
  title={GeoF: Geodesic forests for learning coupled predictors},
  author={Kontschieder, Peter and Kohli, Pushmeet and Shotton, Jamie and Criminisi, Antonio},
  booktitle={CVPR},
  year={2013}
}
@article{richmond2015mapping,
  title={Mapping stacked decision forests to deep and sparse convolutional neural networks for semantic segmentation},
  author={Richmond, David L and Kainmueller, Dagmar and Yang, Michael and Myers, Eugene W and Rother, Carsten},
  journal={CoRR},
  year={2015}
}
@article{sethi1990entropy,
  title={Entropy nets: From decision trees to neural networks},
  author={Sethi, Ishwar Krishnan},
  journal={Proceedings of the IEEE},
  pages={1605--1613},
  year={1990},
}
@article{zoph2016neural,
  title={Neural architecture search with reinforcement learning},
  author={Zoph, Barret and Le, Quoc V},
  journal={ICLR},
  year={2017}
}
@inproceedings{almahairi2016dynamic,
  title={Dynamic capacity networks},
  author={Almahairi, Amjad and Ballas, Nicolas and Cooijmans, Tim and Zheng, Yin and Larochelle, Hugo and Courville, Aaron},
  booktitle={ICML},
  year={2016}
}
@article{davis2013low,
  title={Low-rank approximations for conditional feedforward computation in deep neural networks},
  author={Davis, Andrew and Arel, Itamar},
  journal={CoRR},
  year={2013}
}
@article{bengio2015conditional,
  title={Conditional computation in neural networks for faster models},
  author={Bengio, Emmanuel and Bacon, Pierre-Luc and Pineau, Joelle and Precup, Doina},
  journal={CoRR},
  year={2015}
}
@article{breiman2001random,
	title={Random forests},
	author={Breiman, Leo},
	journal={Machine learning},
	volume={45},
	number={1},
	pages={5--32},
	year={2001},
	publisher={Springer}
}
@book{criminisi2013decision,
	title={Decision forests for computer vision and medical image analysis},
	author={Criminisi, Antonio and Shotton, Jamie},
	year={2013},
	publisher={Springer}
}
@article{real2017large,
  title={Large-scale evolution of image classifiers},
  author={Real, Esteban and Moore, Sherry and Selle, Andrew and Saxena, Saurabh and Suematsu, Yutaka Leon and Le, Quoc and Kurakin, Alex},
  journal={CoRR},
  year={2017}
}
@article{lecun2015deep,
  title={Deep learning},
  author={LeCun, Yann and Bengio, Yoshua and Hinton, Geoffrey},
  journal={Nature},
  volume={521},
  number={7553},
  pages={436},
  year={2015},
  publisher={Nature Publishing Group}
}
@inproceedings{zeiler2014visualizing,
  title={Visualizing and understanding convolutional networks},
  author={Zeiler, Matthew D and Fergus, Rob},
  booktitle={ECCV},
  pages={818--833},
  year={2014},
  organization={Springer}
}
@article{rumelhart1986learning,
  title={Learning representations by back-propagating errors},
  author={Rumelhart, David E and Hinton, Geoffrey E and Williams, Ronald J},
  journal={Nature},
  volume={323},
  number={6088},
  pages={533},
  year={1986},
  publisher={Nature Publishing Group}
}
@article{lecun1998gradient,
  title={Gradient-based learning applied to document recognition},
  author={LeCun, Yann and Bottou, L{\'e}on and Bengio, Yoshua and Haffner, Patrick},
  journal={Proceedings of the IEEE},
  volume={86},
  number={11},
  pages={2278--2324},
  year={1998},
  publisher={IEEE}
}
@techreport{krizhevsky2009learning,
  title={Learning multiple layers of features from tiny images},
  author={Krizhevsky, Alex and Hinton, Geoffrey},
  institution={University of Toronto},
  year={2009}
}
@inproceedings{he2016deep,
  title={Deep residual learning for image recognition},
  author={He, Kaiming and Zhang, Xiangyu and Ren, Shaoqing and Sun, Jian},
  booktitle={Proceedings of the IEEE conference on computer vision and pattern recognition},
  pages={770--778},
  year={2016}
}
@article{bengio2013estimating,
  title={Estimating or propagating gradients through stochastic neurons for conditional computation},
  author={Bengio, Yoshua and L{\'e}onard, Nicholas and Courville, Aaron},
  journal={CoRR},
  year={2013}
}
@inproceedings{chen2016net2net,
  title={Net2net: Accelerating learning via knowledge transfer},
  author={Chen, Tianqi and Goodfellow, Ian and Shlens, Jonathon},
  booktitle={ICLR},
  year={2016}
}
@inproceedings{cai2018efficient,
  title={Efficient Architecture Search by Network Transformation},
  author={Cai, Han and Chen, Tianyao and Zhang, Weinan and Yu, Yong and Wang, Jun},
  booktitle={AAAI},
  year={2018}
}
@article{hinton2006fast,
  title={A fast learning algorithm for deep belief nets},
  author={Hinton, Geoffrey E and Osindero, Simon and Teh, Yee-Whye},
  journal={Neural computation},
  volume={18},
  number={7},
  pages={1527--1554},
  year={2006},
  publisher={MIT Press}
}
@article{kingma2014adam,
  title={Adam: A method for stochastic optimization},
  author={Kingma, Diederik P and Ba, Jimmy},
  journal={CoRR},
  year={2014}
}
@inproceedings{simard2003best,
  title={Best practices for convolutional neural networks applied to visual document analysis.},
  author={Simard, Patrice Y and Steinkraus, David and Platt, John C and others},
  booktitle={ICDAR},
  volume={3},
  pages={958--962},
  year={2003}
}
@inproceedings{schulter2013alternating,
  title={Alternating decision forests},
  author={Schulter, Samuel and Wohlhart, Paul and Leistner, Christian and Saffari, Amir and Roth, Peter M and Bischof, Horst},
  booktitle={CVPR, 2013},
  year={2013},
}
@inproceedings{goodfellow2013maxout,
  title={Maxout networks},
  author={Goodfellow, Ian J and Warde-Farley, David and Mirza, Mehdi and Courville, Aaron and Bengio, Yoshua},
  booktitle={ICML},
  year={2013}
}
@inproceedings{lin2013network,
  title={Network in network},
  author={Lin, Min and Chen, Qiang and Yan, Shuicheng},
  booktitle={ICLR},
  year={2014}
}
@inproceedings{lee2015deeply,
  title={Deeply-supervised nets},
  author={Lee, Chen-Yu and Xie, Saining and Gallagher, Patrick and Zhang, Zhengyou and Tu, Zhuowen},
  booktitle={Artificial Intelligence and Statistics},
  year={2015}
}
@inproceedings{huang2017densely,
  title={Densely connected convolutional networks},
  author={Huang, Gao and Liu, Zhuang and Weinberger, Kilian Q and van der Maaten, Laurens},
  booktitle={CVPR},
  year={2017}
}
@article{springenberg2014striving,
  title={Striving for simplicity: The all convolutional net},
  author={Springenberg, Jost Tobias and Dosovitskiy, Alexey and Brox, Thomas and Riedmiller, Martin},
  journal={CoRR},
  year={2015}
}
@article{sandulescu2016predicting,
  title={Predicting the future relevance of research institutions-The winning solution of the KDD Cup 2016},
  author={Sandulescu, Vlad and Chiru, Mihai},
  journal={CoRR},
  year={2016}
}
@inproceedings{volkovs2017content,
  title={Content-based Neighbor Models for Cold Start in Recommender Systems},
  author={Volkovs, Maksims and Yu, Guang Wei and Poutanen, Tomi},
  booktitle={Proceedings of the Recommender Systems Challenge 2017},
  pages={7},
  year={2017},
  organization={ACM}
}
@inproceedings{ioffe2015batch,
  title={Batch normalization: Accelerating deep network training by reducing internal covariate shift},
  author={Ioffe, Sergey and Szegedy, Christian},
  booktitle={International conference on machine learning},
  pages={448--456},
  year={2015}
}
@inproceedings{paszke2017automatic,
  title={Automatic differentiation in PyTorch},
  author={Paszke, Adam and Gross, Sam and Chintala, Soumith and Chanan, Gregory and Yang, Edward and DeVito, Zachary and Lin, Zeming and Desmaison, Alban and Antiga, Luca and Lerer, Adam},
  booktitle={NIPS Autodiff Workshop},
  year={2017}
}
@article{friedman2001greedy,
  title={Greedy function approximation: a gradient boosting machine},
  author={Friedman, Jerome H},
  journal={Annals of statistics},
  pages={1189--1232},
  year={2001},
  publisher={JSTOR}
}
@inproceedings{le2016lifted,
  title={Lifted auto-context forests for brain tumour segmentation},
  author={Le Folgoc, Loic and Nori, Aditya V and Ancha, Siddharth and Criminisi, Antonio},
  booktitle={International Workshop on Brainlesion: Glioma, Multiple Sclerosis, Stroke and Traumatic Brain Injuries},
  pages={171--183},
  year={2016},
  organization={Springer}
}
@inproceedings{laptev2014convolutional,
  title={Convolutional decision trees for feature learning and segmentation},
  author={Laptev, Dmitry and Buhmann, Joachim M},
  booktitle={German Conference on Pattern Recognition},
  pages={95--106},
  year={2014},
  organization={Springer}
}
@misc{kaggle2017,
	author = {Kaggle.com},
	title = {Two Sigma Financial Modeling Challenge},
	year = 2017,
	url = {https://www.kaggle.com/c/two-sigma-financial-modeling},
	urldate = {2018-05-04}
}
@article{xiao2017ndt,
  title={NDT: Neual Decision Tree Towards Fully Functioned Neural Graph},
  author={Xiao, Han},
  journal={arXiv preprint arXiv:1712.05934},
  year={2017}
}
@inproceedings{ponomareva2017compact,
  title={Compact multi-class boosted trees},
  author={Ponomareva, Natalia and Colthurst, Thomas and Hendry, Gilbert and Haykal, Salem and Radpour, Soroush},
  booktitle={International Conference on Big Data},
  pages={47--56},
  year={2017}
}
@inproceedings{sabour2017dynamic,
  title={Dynamic routing between capsules},
  author={Sabour, Sara and Frosst, Nicholas and Hinton, Geoffrey E},
  booktitle={Advances in Neural Information Processing Systems},
  pages={3856--3866},
  year={2017}
}
@inproceedings{irsoy2012soft,
  title={Soft decision trees},
  author={{\.I}rsoy, Ozan and Y{\i}ld{\i}z, Olcay Taner and Alpayd{\i}n, Ethem},
  booktitle={ICPR},
  pages={1819--1822},
  year={2012},
  organization={IEEE}
}
@inproceedings{irsoy2014budding,
  title={Budding trees},
  author={{\.I}rsoy, Ozan and Yildiz, Olcay Taner and Alpayd{\i}n, Ethem},
  booktitle={ICPR},
  pages={3582--3587},
  year={2014},
  organization={IEEE}
}
@inproceedings{irsoy2016autoencoder,
  title={Autoencoder trees},
  author={{\.I}rsoy, Ozan and Alpayd{\i}n, Ethem},
  booktitle={ACML},
  pages={378--390},
  year={2016}
}
@article{irsoy2018continuously,
  title={Continuously Constructive Deep Neural Networks},
  author={{\.I}rsoy, Ozan and Alpayd{\i}n, Ethem},
  journal={arXiv preprint arXiv:1804.02491},
  year={2018}
}
@article{srivastava2015highway,
  title={Highway networks},
  author={Srivastava, Rupesh Kumar and Greff, Klaus and Schmidhuber, J{\"u}rgen},
  journal={arXiv preprint arXiv:1505.00387},
  year={2015}
}
@inproceedings{shotton2013decision,
  title={Decision jungles: Compact and rich models for classification},
  author={Shotton, Jamie and Sharp, Toby and Kohli, Pushmeet and Nowozin, Sebastian and Winn, John and Criminisi, Antonio},
  booktitle={Advances in Neural Information Processing Systems},
  pages={234--242},
  year={2013}
}
@inproceedings{vijayakumar2000locally,
  title={Locally weighted projection regression: An O(n) algorithm for incremental real time learning in high dimensional space},
  author={Vijayakumar, Sethu and Schaal, Stefan},
  booktitle={ICML},
  volume={1},
  pages={288--293},
  year={2000}
}
@article{pedregosa2011scikit,
  title={Scikit-learn: Machine learning in Python},
  author={Pedregosa, Fabian and Varoquaux, Ga{\"e}l and Gramfort, Alexandre and Michel, Vincent and Thirion, Bertrand and Grisel, Olivier and Blondel, Mathieu and Prettenhofer, Peter and Weiss, Ron and Dubourg, Vincent and others},
  journal={JMLR},
  volume={12},
  number={Oct},
  pages={2825--2830},
  year={2011}
}
@inproceedings{cortes2017adanet,
  title={AdaNet: Adaptive Structural Learning of Artificial Neural Networks},
  author={Cortes, Corinna and Gonzalvo, Xavier and Kuznetsov, Vitaly and Mohri, Mehryar and Yang, Scott},
  booktitle={ICML},
  pages={874--883},
  year={2017}
}
@article{zhao2017efficient,
  title={Efficient Multi-task Feature and Relationship Learning},
  author={Zhao, Han and Stretcu, Otilia and Negrinho, Renato and Smola, Alex and Gordon, Geoff},
  journal={arXiv preprint arXiv:1702.04423},
  year={2017}
}
@article{hansen1990neural,
  title={Neural network ensembles},
  author={Hansen, Lars Kai and Salamon, Peter},
  journal={IEEE TPAMI},
  volume={12},
  number={10},
  pages={993--1001},
  year={1990},
  publisher={IEEE}
}
@inproceedings{leon2015policy,
  title={Policy-gradient Methods for Decision Trees},
  author={L{\'e}on, Aur{\'e}lia and Denoyer, Ludovic},
  booktitle={ESANN},
  year={2015}
}
@inproceedings{feng2018multi,
  title={Multi-layered gradient boosting decision trees},
  author={Feng, Ji and Yu, Yang and Zhou, Zhi-Hua},
  booktitle={Advances in Neural Information Processing Systems},
  pages={3551--3561},
  year={2018}
}
@inproceedings{lee2015difference,
  title={Difference target propagation},
  author={Lee, Dong-Hyun and Zhang, Saizheng and Fischer, Asja and Bengio, Yoshua},
  booktitle={Joint european conference on machine learning and knowledge discovery in databases},
  pages={498--515},
  year={2015},
  organization={Springer}
}
@article{guan2017energy,
  title={Energy-efficient amortized inference with cascaded deep classifiers},
  author={Guan, Jiaqi and Liu, Yang and Liu, Qiang and Peng, Jian},
  journal={arXiv preprint arXiv:1710.03368},
  year={2017}
}
@inproceedings{huang2018condensenet,
  title={Condensenet: An efficient densenet using learned group convolutions},
  author={Huang, Gao and Liu, Shichen and Van der Maaten, Laurens and Weinberger, Kilian Q},
  booktitle={Proceedings of the IEEE Conference on Computer Vision and Pattern Recognition},
  pages={2752--2761},
  year={2018}
}