@incollection{alexander2014image,
	title={Image quality transfer via random forest regression: applications in diffusion {MRI}},
	author={Alexander, Daniel C and et al.},
	booktitle={MICCAI},
	pages={225--232},
	year={2014},
	publisher={Springer}
}
%Zikic, Darko and Zhang, Jiaying and Zhang, Hui and Criminisi, Antonio

@book{criminisi2013decision,
	title={Decision forests for computer vision and medical image analysis},
	author={Criminisi, Antonio and Shotton, Jamie},
	year={2013},
	publisher={Springer}
}

@article{mackay1992bayesian,
	title={Bayesian interpolation},
	author={MacKay, David JC},
	journal={Neural computation},
	volume={4},
	number={3},
	pages={415--447},
	year={1992},
	publisher={MIT Press}
}


@article{wang2004image,
  title={Image quality assessment: from error visibility to structural similarity},
  author={Wang, Zhou and Bovik, Alan Conrad and Sheikh, Hamid Rahim and Simoncelli, Eero P},
  journal={IEEE Trans Image Proc},
  volume={13},
  number={4},
  year={2004},
  publisher={IEEE}
}

  %pages={600--612},

@article{alexander2001analysis,
  title={Analysis of partial volume effects in diffusion-tensor {MRI}},
  author={Alexander, Andrew L and Hasan, Khader M and Lazar, Mariana and Tsuruda, Jay S and Parker, Dennis L},
  journal={MR in Medicine},
  volume={45},
  number={5},
 % pages={770--780},
  year={2001},
  publisher={Wiley Online Library}
}

@article{oouchi2007diffusion,
  title={Diffusion anisotropy measurement of brain white matter is affected by voxel size: underestimation occurs in areas with crossing fibers},
  author={Oouchi, H and Yamada, K and Sakai, K and Kizu, O and Kubota, T and Ito, H and Nishimura, T},
  journal={American Journal of Neuroradiology},
  volume={28},
  number={6},
  pages={1102--1106},
  year={2007},
  publisher={Am Soc Neuroradiology}
}

@article{wang2014sparse,
	title={Sparse representation-based {MRI} super-resolution reconstruction},
	author={Wang, Yun-Heng and Qiao, Jiaqing and Li, Jun-Bao and Fu, Ping and Chu, Shu-Chuan and Roddick, John F},
	journal={Measurement},
	volume={47},
	year={2014},
	publisher={Elsevier}
}

%pages={946--953},

@article{rueda2013single,
	title={Single-image super-resolution of brain {MR} images using overcomplete dictionaries},
	author={Rueda, Andrea and Malpica, Norberto and Romero, Eduardo},
	journal={MIA},
	volume={17},
	number={1},
	pages={113--132},
	year={2013},
	publisher={Elsevier}
}

@article{rousseau2006registration,
	title={Registration-based approach for reconstruction of high-resolution in utero fetal {MR} brain images},
	author={Rousseau, Francois and Glenn, Orit A and Iordanova, Bistra and Rodriguez-Carranza, Claudia and Vigneron, Daniel B and Barkovich, James A and Studholme, Colin},
	journal={Academic radiology},
	volume={13},
	number={9},
	pages={1072--1081},
	year={2006},
	publisher={Elsevier}
}

@article{scherrer2012super,
	title={Super-resolution reconstruction to increase the spatial resolution of diffusion weighted images from orthogonal anisotropic acquisitions},
	author={Scherrer, Benoit and Gholipour, Ali and Warfield, Simon K},
	journal={Medical image analysis},
	volume={16},
	number={7},
	pages={1465--1476},
	year={2012},
	publisher={Elsevier}
}

@article{poot2013super,
	title={Super-resolution for multislice diffusion tensor imaging},
	author={Poot, Dirk HJ and et al.},
	journal={Mag. Res. Med.},
	volume={69},
	number={1},
	pages={103--113},
	year={2013},
	publisher={Wiley Online Library}
}

@incollection{rousseau2008brain,
	title={Brain hallucination},
	author={Rousseau, Fran{\c{c}}ois},
	booktitle={ECCV},
	pages={497--508},
	year={2008},
	publisher={Springer}
}

@inproceedings{tanno2016bayesian,
	title={Bayesian Image Quality Transfer},
	author={Tanno, Ryutaro and Ghosh, Aurobrata and Grussu, Francesco and Kaden, Enrico and Criminisi, Antonio and Alexander, Daniel C},
	booktitle={MICCAI},
	pages={265--273},
	year={2016},
	organization={Springer}
}

@inproceedings{shi2016real,
	title={Real-time single image and video super-resolution using an efficient sub-pixel convolutional neural network},
	author={Shi, Wenzhe and Caballero, Jose and Husz{\'a}r, Ferenc and Totz, Johannes and Aitken, Andrew P and Bishop, Rob and Rueckert, Daniel and Wang, Zehan},
	booktitle={CVPR},
	pages={1874--1883},
	year={2016}
}

@inproceedings{zeiler2011adaptive,
	title={Adaptive deconvolutional networks for mid and high level feature learning},
	author={Zeiler, Matthew D and Taylor, Graham W and Fergus, Rob},
	booktitle={ICCV},
	pages={2018--2025},
	year={2011},
	organization={IEEE}
}

@inproceedings{oktay2016multi,
	title={Multi-input Cardiac Image Super-Resolution Using Convolutional Neural Networks},
	author={Oktay, Ozan and Bai, Wenjia and Lee, Matthew and Guerrero, Ricardo and Kamnitsas, Konstantinos and Caballero, Jose and de Marvao, Antonio and Cook, Stuart and O’Regan, Declan and Rueckert, Daniel},
	booktitle={MICCAI},
	year={2016},
	organization={Springer}
}

@article{kamnitsas2017efficient,
	title={Efficient multi-scale 3D CNN with fully connected CRF for accurate brain lesion segmentation},
	author={Kamnitsas, Konstantinos and Ledig, Christian and Newcombe, Virginia FJ and Simpson, Joanna P and Kane, Andrew D and Menon, David K and Rueckert, Daniel and Glocker, Ben},
	journal={Medical Image Analysis},
	volume={36},
	pages={61--78},
	year={2017},
	publisher={Elsevier}
}


@article{rueda2013single,
	title={Single-image super-resolution of brain {MR} images using overcomplete dictionaries},
	author={Rueda, Andrea and Malpica, Norberto and Romero, Eduardo},
	journal={Medical image analysis},
	volume={17},
	number={1},
	pages={113--132},
	year={2013},
	publisher={Elsevier}
}


@article{sotiropoulos2013advances,
	title={Advances in diffusion {MRI} acquisition and processing in the Human Connectome Project},
	author={Sotiropoulos, Stamatios N and et al.},
	journal={Neuroimage},
	volume={80},
	pages={125--143},
	year={2013},
	publisher={Elsevier}
}

@article{breiman2001random,
	title={Random forests},
	author={Breiman, Leo},
	journal={Machine learning},
	volume={45},
	number={1},
	pages={5--32},
	year={2001},
	publisher={Springer}
}

@inproceedings{kingma2015variational,
	title={Variational dropout and the local reparameterization trick},
	author={Kingma, Diederik P and Salimans, Tim and Welling, Max},
	booktitle={NIPS},
	pages={2575--2583},
	year={2015}
}

@inproceedings{gal2015dropout,
	title={Dropout as a Bayesian approximation: Insights and applications},
	author={Gal, Yarin and Ghahramani, Zoubin},
	booktitle={Deep Learning Workshop, ICML},
	year={2015}
}

@inproceedings{bahrami2016convolutional,
	title={Convolutional Neural Network for Reconstruction of 7T-like Images from 3T MRI Using Appearance and Anatomical Features},
	author={Bahrami, Khosro and Shi, Feng and Rekik, Islem and Shen, Dinggang},
	booktitle={MICCAI DLDLM workshop},
	pages={39--47},
	year={2016},
	organization={Springer}
}

@article{ledig2016photo,
	title={Photo-realistic single image super-resolution using a generative adversarial network},
	author={Ledig, Christian and Theis, Lucas and Husz{\'a}r, Ferenc and Caballero, Jose and Cunningham, Andrew and Acosta, Alejandro and Aitken, Andrew and Tejani, Alykhan and Totz, Johannes and Wang, Zehan and others},
	journal={arXiv preprint arXiv:1609.04802},
	year={2016}
}

@misc{ferenc_blog,
	author = {Huszár, Ferenc},
	title = {Deriving the {S}ubpixel {CNN} from {F}irst {P}rinciples},
	journal = {Gobbledygook},
	type = {Blog},
	number = {December 23},
	year = {2016},
	howpublished = {\url{http://www.inference.vc/holiday-special-deriving-the-subpixel-cnn-from-first-principles/}}
}

@inproceedings{nix1994estimating,
	title={Estimating the mean and variance of the target probability distribution},
	author={Nix, David A and Weigend, Andreas S},
	booktitle={IEEE WCCI},
	volume={1},
	pages={55--60},
	year={1994},
	organization={IEEE}
}
	
@article{kingma2014adam,
  author    = {Diederik P. Kingma and
               Jimmy Ba},
  title     = {Adam: {A} Method for Stochastic Optimization},
  journal   = {CoRR},
  volume    = {abs/1412.6980},
  year      = {2014},
  url       = {http://arxiv.org/abs/1412.6980},
  timestamp = {Thu, 01 Jan 2015 19:51:08 +0100},
  biburl    = {http://dblp.uni-trier.de/rec/bib/journals/corr/KingmaB14},
  bibsource = {dblp computer science bibliography, http://dblp.org}
}

@inproceedings{johnson2016perceptual,
	title={Perceptual losses for real-time style transfer and super-resolution},
	author={Johnson, Justin and Alahi, Alexandre and Fei-Fei, Li},
	booktitle={ECCV},
	pages={694--711},
	year={2016},
	organization={Springer}
}

@article{wang2015deeply,
	title={Deeply improved sparse coding for image super-resolution. arXiv preprint},
	author={Wang, Z and Liu, D and Yang, J and Han, W and Huang, T},
	journal={arXiv preprint arXiv:1507.08905},
	volume={2},
	number={3},
	pages={4},
	year={2015}
}

@article{dong2016image,
	title={Image super-resolution using deep convolutional networks},
	author={Dong, Chao and Loy, Chen Change and He, Kaiming and Tang, Xiaoou},
	journal={IEEE PAMI},
	volume={38},
	number={2},
	pages={295--307},
	year={2016},
	publisher={IEEE}
}

@inproceedings{worrall2016automated,
	title={Automated Retinopathy of Prematurity Case Detection with Convolutional Neural Networks},
	author={Worrall, Daniel E and Wilson, Clare M and Brostow, Gabriel J},
	booktitle={MICCAI DLDLM Workshop},
	pages={68--76},
	year={2016},
	organization={Springer}
}

@article{ozarslan2013mean,
  title={Mean apparent propagator (MAP) MRI: a novel diffusion imaging method for mapping tissue microstructure},
  author={{\"O}zarslan, Evren and Koay, Cheng Guan and Shepherd, Timothy M and Komlosh, Michal E and {\.I}rfano{\u{g}}lu, M Okan and Pierpaoli, Carlo and Basser, Peter J},
  journal={NeuroImage},
  volume={78},
  pages={16--32},
  year={2013},
  publisher={Elsevier}
}

@inproceedings{yang2016fast,
	title={Fast Predictive Image Registration},
	author={Yang, Xiao and Kwitt, Roland and Niethammer, Marc},
	booktitle={MICCAI DLDLM Workshop},
	pages={48--57},
	year={2016},
	organization={Springer}
}

@inproceedings{tournier2010improved,
	title={Improved probabilistic streamlines tractography by 2nd order integration over fibre orientation distributions},
	author={Tournier, JD and Calamante, F and Connelly, A},
	booktitle={ISMRM},
	pages={1670},
	year={2010}
}

@article{mcdonagh2017context,
	title={Context-Sensitive Super-Resolution for Fast Fetal Magnetic Resonance Imaging},
	author={McDonagh, Steven and Hou, Benjamin and Kamnitsas, Konstantinos and Oktay, Ozan and Alansary, Amir and Kainz, Bernhard},
	journal={arXiv preprint arXiv:1703.00035},
	year={2017}
}

@article{alexander2017image,
  title={Image quality transfer and applications in diffusion MRI},
  author={Alexander, Daniel C and Zikic, Darko and Ghosh, Aurobrata and Tanno, Ryutaro and Wottschel, Viktor and Zhang, Jiaying and Kaden, Enrico and Dyrby, Tim B and Sotiropoulos, Stamatios N and Zhang, Hui and others},
  journal={Neuroimage},
  volume={152},
  pages={283--298},
  year={2017},
  publisher={Elsevier}
}

@article{shen2017deep,
  title={Deep learning in medical image analysis},
  author={Shen, Dinggang and Wu, Guorong and Suk, Heung-Il},
  journal={Annual review of biomedical engineering},
  volume={19},
  pages={221--248},
  year={2017},
  publisher={Annual Reviews}
}

@article{litjens2017survey,
  title={A survey on deep learning in medical image analysis},
  author={Litjens, Geert and Kooi, Thijs and Bejnordi, Babak Ehteshami and Setio, Arnaud Arindra Adiyoso and Ciompi, Francesco and Ghafoorian, Mohsen and van der Laak, Jeroen AWM and van Ginneken, Bram and S{\'a}nchez, Clara I},
  journal={Medical image analysis},
  volume={42},
  pages={60--88},
  year={2017},
  publisher={Elsevier}
}

@article{kamnitsas2017efficient,
  title={Efficient multi-scale 3D CNN with fully connected CRF for accurate brain lesion segmentation},
  author={Kamnitsas, Konstantinos and Ledig, Christian and Newcombe, Virginia FJ and Simpson, Joanna P and Kane, Andrew D and Menon, David K and Rueckert, Daniel and Glocker, Ben},
  journal={Medical image analysis},
  volume={36},
  pages={61--78},
  year={2017},
  publisher={Elsevier}
}

@article{der2009aleatory,
  title={Aleatory or epistemic? Does it matter?},
  author={Der Kiureghian, Armen and Ditlevsen, Ove},
  journal={Structural Safety},
  volume={31},
  number={2},
  pages={105--112},
  year={2009},
  publisher={Elsevier}
}

@inproceedings{tanno2017bayesian,
  title={Bayesian image quality transfer with cnns: Exploring uncertainty in dmri super-resolution},
  author={Tanno, Ryutaro and Worrall, Daniel E and Ghosh, Aurobrata and Kaden, Enrico and Sotiropoulos, Stamatios N and Criminisi, Antonio and Alexander, Daniel C},
  booktitle={International Conference on Medical Image Computing and Computer-Assisted Intervention},
  pages={611--619},
  year={2017},
  organization={Springer}
}

@inproceedings{kendall2017uncertainties,
  title={What uncertainties do we need in bayesian deep learning for computer vision?},
  author={Kendall, Alex and Gal, Yarin},
  booktitle={Advances in Neural Information Processing Systems},
  pages={5580--5590},
  year={2017}
}

@article{araujo2017classification,
  title={Classification of breast cancer histology images using Convolutional Neural Networks},
  author={Ara{\'u}jo, Teresa and Aresta, Guilherme and Castro, Eduardo and Rouco, Jos{\'e} and Aguiar, Paulo and Eloy, Catarina and Pol{\'o}nia, Ant{\'o}nio and Campilho, Aur{\'e}lio},
  journal={PloS one},
  volume={12},
  number={6},
  pages={e0177544},
  year={2017},
  publisher={Public Library of Science}
}

@inproceedings{roth2014new,
  title={A new 2.5 D representation for lymph node detection using random sets of deep convolutional neural network observations},
  author={Roth, Holger R and Lu, Le and Seff, Ari and Cherry, Kevin M and Hoffman, Joanne and Wang, Shijun and Liu, Jiamin and Turkbey, Evrim and Summers, Ronald M},
  booktitle={International Conference on Medical Image Computing and Computer-Assisted Intervention},
  pages={520--527},
  year={2014},
  organization={Springer}
}

@article{schlemper2018deep,
  title={A deep cascade of convolutional neural networks for dynamic MR image reconstruction},
  author={Schlemper, Jo and Caballero, Jose and Hajnal, Joseph V and Price, Anthony N and Rueckert, Daniel},
  journal={IEEE transactions on medical imaging},
  volume={37},
  number={2},
  pages={491--503},
  year={2018},
  publisher={IEEE}
}

@article{leibig2017leveraging,
  title={Leveraging uncertainty information from deep neural networks for disease detection},
  author={Leibig, Christian and Allken, Vaneeda and Ayhan, Murat Se{\c{c}}kin and Berens, Philipp and Wahl, Siegfried},
  journal={Scientific reports},
  volume={7},
  number={1},
  pages={17816},
  year={2017},
  publisher={Nature Publishing Group}
}

@incollection{yang2016fast,
  title={Fast predictive image registration},
  author={Yang, Xiao and Kwitt, Roland and Niethammer, Marc},
  booktitle={Deep Learning and Data Labeling for Medical Applications},
  pages={48--57},
  year={2016},
  publisher={Springer}
}

@inproceedings{sokooti2017nonrigid,
  title={Nonrigid image registration using multi-scale 3D convolutional neural networks},
  author={Sokooti, Hessam and de Vos, Bob and Berendsen, Floris and Lelieveldt, Boudewijn PF and I{\v{s}}gum, Ivana and Staring, Marius},
  booktitle={International Conference on Medical Image Computing and Computer-Assisted Intervention},
  pages={232--239},
  year={2017},
  organization={Springer}
}

@article{benou2017ensemble,
  title={Ensemble of expert deep neural networks for spatio-temporal denoising of contrast-enhanced MRI sequences},
  author={Benou, A and Veksler, R and Friedman, A and Raviv, T Riklin},
  journal={Medical image analysis},
  volume={42},
  pages={145--159},
  year={2017},
  publisher={Elsevier}
}

@article{jin2017deep,
  title={Deep convolutional neural network for inverse problems in imaging},
  author={Jin, Kyong Hwan and McCann, Michael T and Froustey, Emmanuel and Unser, Michael},
  journal={IEEE Transactions on Image Processing},
  volume={26},
  number={9},
  pages={4509--4522},
  year={2017},
  publisher={IEEE}
}

@article{kang2017deep,
  title={A deep convolutional neural network using directional wavelets for low-dose X-ray CT reconstruction},
  author={Kang, Eunhee and Min, Junhong and Ye, Jong Chul},
  journal={Medical physics},
  volume={44},
  number={10},
  year={2017},
  publisher={Wiley Online Library}
}

@article{wu2017fuiqa,
  title={FUIQA: Fetal ultrasound image quality assessment with deep convolutional networks},
  author={Wu, Lingyun and Cheng, Jie-Zhi and Li, Shengli and Lei, Baiying and Wang, Tianfu and Ni, Dong},
  journal={IEEE transactions on cybernetics},
  volume={47},
  number={5},
  pages={1336--1349},
  year={2017},
  publisher={IEEE}
}

@article{esses2018automated,
  title={Automated image quality evaluation of T2-weighted liver MRI utilizing deep learning architecture},
  author={Esses, Steven J and Lu, Xiaoguang and Zhao, Tiejun and Shanbhogue, Krishna and Dane, Bari and Bruno, Mary and Chandarana, Hersh},
  journal={Journal of Magnetic Resonance Imaging},
  volume={47},
  number={3},
  pages={723--728},
  year={2018},
  publisher={Wiley Online Library}
}

@article{zhu2018image,
  title={Image reconstruction by domain-transform manifold learning},
  author={Zhu, Bo and Liu, Jeremiah Z and Cauley, Stephen F and Rosen, Bruce R and Rosen, Matthew S},
  journal={Nature},
  volume={555},
  number={7697},
  pages={487},
  year={2018},
  publisher={Nature Publishing Group}
}

@article{shin2013stacked,
  title={Stacked autoencoders for unsupervised feature learning and multiple organ detection in a pilot study using 4D patient data},
  author={Shin, Hoo-Chang and Orton, Matthew R and Collins, David J and Doran, Simon J and Leach, Martin O},
  journal={IEEE transactions on pattern analysis and machine intelligence},
  volume={35},
  number={8},
  pages={1930--1943},
  year={2013},
  publisher={IEEE}
}

@incollection{nie2016estimating,
  title={Estimating CT image from MRI data using 3D fully convolutional networks},
  author={Nie, Dong and Cao, Xiaohuan and Gao, Yaozong and Wang, Li and Shen, Dinggang},
  booktitle={Deep Learning and Data Labeling for Medical Applications},
  pages={170--178},
  year={2016},
  publisher={Springer}
}

@book{rausand2014reliability,
  title={Reliability of safety-critical systems: theory and applications},
  author={Rausand, Marvin},
  year={2014},
  publisher={John Wiley \& Sons}
}

@article{liel2009incorporating,
  title={Incorporating modeling uncertainties in the assessment of seismic collapse risk of buildings},
  author={Liel, Abbie B and Haselton, Curt B and Deierlein, Gregory G and Baker, Jack W},
  journal={Structural Safety},
  volume={31},
  number={2},
  pages={197--211},
  year={2009},
  publisher={Elsevier}
}
@inproceedings{neklyudov2017structured,
  title={Structured bayesian pruning via log-normal multiplicative noise},
  author={Neklyudov, Kirill and Molchanov, Dmitry and Ashukha, Arsenii and Vetrov, Dmitry P},
  booktitle={Advances in Neural Information Processing Systems},
  pages={6775--6784},
  year={2017}
}
@inproceedings{gal2017concrete,
  title={Concrete dropout},
  author={Gal, Yarin and Hron, Jiri and Kendall, Alex},
  booktitle={Advances in Neural Information Processing Systems},
  pages={3581--3590},
  year={2017}
}
@inproceedings{lakshminarayanan2017simple,
  title={Simple and scalable predictive uncertainty estimation using deep ensembles},
  author={Lakshminarayanan, Balaji and Pritzel, Alexander and Blundell, Charles},
  booktitle={Advances in Neural Information Processing Systems},
  pages={6402--6413},
  year={2017}
}
@article{yang2018dagan,
  title={Dagan: Deep de-aliasing generative adversarial networks for fast compressed sensing mri reconstruction},
  author={Yang, Guang and Yu, Simiao and Dong, Hao and Slabaugh, Greg and Dragotti, Pier Luigi and Ye, Xujiong and Liu, Fangde and Arridge, Simon and Keegan, Jennifer and Guo, Yike and others},
  journal={IEEE transactions on medical imaging},
  volume={37},
  number={6},
  pages={1310--1321},
  year={2018},
  publisher={IEEE}
}
@inproceedings{karayumak2018harmonizing,
  title={Harmonizing Diffusion MRI Data Across Magnetic Field Strengths},
  author={Karayumak, Suheyla Cetin and Kubicki, Marek and Rathi, Yogesh},
  booktitle={International Conference on Medical Image Computing and Computer-Assisted Intervention},
  pages={116--124},
  year={2018},
  organization={Springer}
}
@inproceedings{chen2018efficient,
  title={Efficient and accurate mri super-resolution using a generative adversarial network and 3d multi-level densely connected network},
  author={Chen, Yuhua and Shi, Feng and Christodoulou, Anthony G and Xie, Yibin and Zhou, Zhengwei and Li, Debiao},
  booktitle={International Conference on Medical Image Computing and Computer-Assisted Intervention},
  pages={91--99},
  year={2018},
  organization={Springer}
}
@article{cohen2018distribution,
  title={Distribution Matching Losses Can Hallucinate Features in Medical Image Translation},
  author={Cohen, Joseph Paul and Luck, Margaux and Honari, Sina},
  journal={arXiv preprint arXiv:1805.08841},
  year={2018}
}
@article{hammernik2018learning,
  title={Learning a variational network for reconstruction of accelerated MRI data},
  author={Hammernik, Kerstin and Klatzer, Teresa and Kobler, Erich and Recht, Michael P and Sodickson, Daniel K and Pock, Thomas and Knoll, Florian},
  journal={Magnetic resonance in medicine},
  volume={79},
  number={6},
  pages={3055--3071},
  year={2018},
  publisher={Wiley Online Library}
}
@inproceedings{balakrishnan2018unsupervised,
  title={An Unsupervised Learning Model for Deformable Medical Image Registration},
  author={Balakrishnan, Guha and Zhao, Amy and Sabuncu, Mert R and Guttag, John and Dalca, Adrian V},
  booktitle={Proceedings of the IEEE Conference on Computer Vision and Pattern Recognition},
  pages={9252--9260},
  year={2018}
}
@article{leibig2017leveraging,
  title={Leveraging uncertainty information from deep neural networks for disease detection},
  author={Leibig, Christian and Allken, Vaneeda and Ayhan, Murat Se{\c{c}}kin and Berens, Philipp and Wahl, Siegfried},
  journal={Scientific reports},
  volume={7},
  number={1},
  pages={17816},
  year={2017},
  publisher={Nature Publishing Group}
}
@article{ayhan2018test,
  title={Test-time Data Augmentation for Estimation of Heteroscedastic Aleatoric Uncertainty in Deep Neural Networks},
  author={Ayhan, Murat Seckin and Berens, Philipp},
  year={2018}
}
@article{heo2018uncertainty,
  title={Uncertainty-Aware Attention for Reliable Interpretation and Prediction},
  author={Heo, Jay and Lee, Hae Beom and Kim, Saehoon and Lee, Juho and Kim, Kwang Joon and Yang, Eunho and Hwang, Sung Ju},
  journal={arXiv preprint arXiv:1805.09653},
  year={2018}
}
@inproceedings{nair2018exploring,
  title={Exploring Uncertainty Measures in Deep Networks for Multiple Sclerosis Lesion Detection and Segmentation},
  author={Nair, Tanya and Precup, Doina and Arnold, Douglas L and Arbel, Tal},
  booktitle={International Conference on Medical Image Computing and Computer-Assisted Intervention},
  pages={655--663},
  year={2018},
  organization={Springer}
}
@inproceedings{eaton2018towards,
  title={Towards safe deep learning: accurately quantifying biomarker uncertainty in neural network predictions},
  author={Eaton-Rosen, Zach and Bragman, Felix and Bisdas, Sotirios and Ourselin, S{\'e}bastien and Cardoso, M Jorge},
  booktitle={International Conference on Medical Image Computing and Computer-Assisted Intervention},
  pages={691--699},
  year={2018},
  organization={Springer}
}
@article{oktay2018anatomically,
  title={Anatomically constrained neural networks (ACNNs): application to cardiac image enhancement and segmentation},
  author={Oktay, Ozan and Ferrante, Enzo and Kamnitsas, Konstantinos and Heinrich, Mattias and Bai, Wenjia and Caballero, Jose and Cook, Stuart A and de Marvao, Antonio and Dawes, Timothy and O?Regan, Declan P and others},
  journal={IEEE transactions on medical imaging},
  volume={37},
  number={2},
  pages={384--395},
  year={2018},
  publisher={IEEE}
}
@article{nie2018medical,
  title={Medical Image Synthesis with Deep Convolutional Adversarial Networks},
  author={Nie, Dong and Trullo, Roger and Lian, Jun and Wang, Li and Petitjean, Caroline and Ruan, Su and Wang, Qian and Shen, Dinggang},
  journal={IEEE Transactions on Biomedical Engineering},
  year={2018},
  publisher={IEEE}
}
@inproceedings{wolterink2017deep,
  title={Deep MR to CT synthesis using unpaired data},
  author={Wolterink, Jelmer M and Dinkla, Anna M and Savenije, Mark HF and Seevinck, Peter R and van den Berg, Cornelis AT and I{\v{s}}gum, Ivana},
  booktitle={International Workshop on Simulation and Synthesis in Medical Imaging},
  pages={14--23},
  year={2017},
  organization={Springer}
}
@inproceedings{mahapatra2017image,
  title={Image super resolution using generative adversarial networks and local saliency maps for retinal image analysis},
  author={Mahapatra, Dwarikanath and Bozorgtabar, Behzad and Hewavitharanage, Sajini and Garnavi, Rahil},
  booktitle={International Conference on Medical Image Computing and Computer-Assisted Intervention},
  pages={382--390},
  year={2017},
  organization={Springer}
}
@inproceedings{chen2018efficient,
  title={Efficient and accurate mri super-resolution using a generative adversarial network and 3d multi-level densely connected network},
  author={Chen, Yuhua and Shi, Feng and Christodoulou, Anthony G and Xie, Yibin and Zhou, Zhengwei and Li, Debiao},
  booktitle={International Conference on Medical Image Computing and Computer-Assisted Intervention},
  pages={91--99},
  year={2018},
  organization={Springer}
}
@inproceedings{yu2017computed,
  title={Computed tomography super-resolution using convolutional neural networks},
  author={Yu, Haichao and Liu, Ding and Shi, Honghui and Yu, Hanchao and Wang, Zhangyang and Wang, Xinchao and Cross, Brent and Bramler, Matthew and Huang, Thomas S},
  booktitle={Image Processing (ICIP), 2017 IEEE International Conference on},
  pages={3944--3948},
  year={2017},
  organization={IEEE}
}
@inproceedings{zhao2018deep,
  title={A deep learning based anti-aliasing self super-resolution algorithm for MRI},
  author={Zhao, Can and Carass, Aaron and Dewey, Blake E and Woo, Jonghye and Oh, Jiwon and Calabresi, Peter A and Reich, Daniel S and Sati, Pascal and Pham, Dzung L and Prince, Jerry L},
  booktitle={International Conference on Medical Image Computing and Computer-Assisted Intervention},
  pages={100--108},
  year={2018},
  organization={Springer}
}
@article{zhu2017unpaired,
  title={Unpaired image-to-image translation using cycle-consistent adversarial networks},
  author={Zhu, Jun-Yan and Park, Taesung and Isola, Phillip and Efros, Alexei A},
  journal={arXiv preprint},
  year={2017}
}
@inproceedings{dalca2018unsupervised,
  title={Unsupervised Learning for Fast Probabilistic Diffeomorphic Registration},
  author={Dalca, Adrian V and Balakrishnan, Guha and Guttag, John and Sabuncu, Mert R},
  booktitle={International Conference on Medical Image Computing and Computer-Assisted Intervention},
  year={2018}
}
@inproceedings{schlemper2018stochastic,
  title={Stochastic Deep Compressive Sensing for the Reconstruction of Diffusion Tensor Cardiac MRI},
  author={Schlemper, Jo and Yang, Guang and Ferreira, Pedro and Scott, Andrew and McGill, Laura-Ann and Khalique, Zohya and Gorodezky, Margarita and Roehl, Malte and Keegan, Jennifer and Pennell, Dudley and others},
  booktitle={International Conference on Medical Image Computing and Computer-Assisted Intervention},
  year={2018}
}
@inproceedings{bragman2018uncertainty,
  title={Uncertainty in multitask learning: joint representations for probabilistic MR-only radiotherapy planning},
  author={Bragman, Felix JS and Tanno, Ryutaro and Eaton-Rosen, Zach and Li, Wenqi and Hawkes, David J and Ourselin, Sebastien and Alexander, Daniel C and McClelland, Jamie R and Cardoso, M Jorge},
  booktitle={International Conference on Medical Image Computing and Computer-Assisted Intervention},
  year={2018}
}
@inproceedings{lakshminarayanan2017simple,
  title={Simple and scalable predictive uncertainty estimation using deep ensembles},
  author={Lakshminarayanan, Balaji and Pritzel, Alexander and Blundell, Charles},
  booktitle={Advances in Neural Information Processing Systems},
  pages={6402--6413},
  year={2017}
}
@inproceedings{wu2018deterministic,
  title={Deterministic Variational Inference for Robust Bayesian Neural Networks},
  author={Wu, Anqi and Nowozin, Sebastian and Meeds, Edward and Turner, Richard E and Hernandez-Lobato, Jose Miguel and Gaunt, Alexander L},
  booktitle={International Conference on Learning Representation (ICLR)},
  year={2019}
}
@article{molchanov2017variational,
  title={Variational dropout sparsifies deep neural networks},
  author={Molchanov, Dmitry and Ashukha, Arsenii and Vetrov, Dmitry},
  journal={arXiv preprint arXiv:1701.05369},
  year={2017}
}
@inproceedings{welling2011bayesian,
  title={Bayesian learning via stochastic gradient Langevin dynamics},
  author={Welling, Max and Teh, Yee W},
  booktitle={Proceedings of the 28th International Conference on Machine Learning (ICML-11)},
  pages={681--688},
  year={2011}
}
@inproceedings{chen2014stochastic,
  title={Stochastic gradient hamiltonian monte carlo},
  author={Chen, Tianqi and Fox, Emily and Guestrin, Carlos},
  booktitle={International Conference on Machine Learning},
  pages={1683--1691},
  year={2014}
}
@inproceedings{neal1993bayesian,
  title={Bayesian learning via stochastic dynamics},
  author={Neal, Radford M},
  booktitle={Advances in neural information processing systems},
  pages={475--482},
  year={1993}
}
@inproceedings{ma2015complete,
  title={A complete recipe for stochastic gradient MCMC},
  author={Ma, Yi-An and Chen, Tianqi and Fox, Emily},
  booktitle={Advances in Neural Information Processing Systems},
  pages={2917--2925},
  year={2015}
}
@book{weiss2006course,
  title={A course in probability},
  author={Weiss, Neil A},
  year={2006},
  publisher={Addison-Wesley}
}
@article{bowsher2012identifying,
  title={Identifying sources of variation and the flow of information in biochemical networks},
  author={Bowsher, Clive G and Swain, Peter S},
  journal={Proceedings of the National Academy of Sciences},
  year={2012},
  publisher={National Acad Sciences}
}
@article{van2013wu,
  title={The WU-Minn human connectome project: an overview},
  author={Van Essen, David C and Smith, Stephen M and Barch, Deanna M and Behrens, Timothy EJ and Yacoub, Essa and Ugurbil, Kamil and Wu-Minn HCP Consortium and others},
  journal={Neuroimage},
  volume={80},
  pages={62--79},
  year={2013},
  publisher={Elsevier}
}
@article{glasser2013minimal,
  title={The minimal preprocessing pipelines for the Human Connectome Project},
  author={Glasser, Matthew F and Sotiropoulos, Stamatios N and Wilson, J Anthony and Coalson, Timothy S and Fischl, Bruce and Andersson, Jesper L and Xu, Junqian and Jbabdi, Saad and Webster, Matthew and Polimeni, Jonathan R and others},
  journal={Neuroimage},
  volume={80},
  pages={105--124},
  year={2013},
  publisher={Elsevier}
}
@inproceedings{kingma2013auto,
  title={Auto-encoding variational bayes},
  author={Kingma, Diederik P and Welling, Max},
   booktitle={International Conference on Learning Representations},
  year={2014}
}
@article{basser1994mr,
  title={MR diffusion tensor spectroscopy and imaging},
  author={Basser, Peter J and Mattiello, James and LeBihan, Denis},
  journal={Biophysical journal},
  volume={66},
  number={1},
  pages={259--267},
  year={1994},
  publisher={Elsevier}
}
@inproceedings{abadi2016tensorflow,
  title={Tensorflow: a system for large-scale machine learning.},
  author={Abadi, Mart{\'\i}n and Barham, Paul and Chen, Jianmin and Chen, Zhifeng and Davis, Andy and Dean, Jeffrey and Devin, Matthieu and Ghemawat, Sanjay and Irving, Geoffrey and Isard, Michael and others},
  booktitle={OSDI},
  volume={16},
  pages={265--283},
  year={2016}
}
@article{ioffe2015batch,
  title={Batch normalization: Accelerating deep network training by reducing internal covariate shift},
  author={Ioffe, Sergey and Szegedy, Christian},
  journal={arXiv preprint arXiv:1502.03167},
  year={2015}
}
@article{srivastava2014dropout,
  title={Dropout: a simple way to prevent neural networks from overfitting},
  author={Srivastava, Nitish and Hinton, Geoffrey and Krizhevsky, Alex and Sutskever, Ilya and Salakhutdinov, Ruslan},
  journal={The Journal of Machine Learning Research},
  volume={15},
  number={1},
  pages={1929--1958},
  year={2014},
  publisher={JMLR. org}
}
@article{rao1970estimation,
  title={Estimation of heteroscedastic variances in linear models},
  author={Rao, C Radhakrishna},
  journal={Journal of the American Statistical Association},
  volume={65},
  number={329},
  pages={161--172},
  year={1970},
  publisher={Taylor \& Francis}
}
@article{begoli2019need,
  title={The need for uncertainty quantification in machine-assisted medical decision making},
  author={Begoli, Edmon and Bhattacharya, Tanmoy and Kusnezov, Dimitri},
  journal={Nature Machine Intelligence},
  volume={1},
  number={1},
  pages={20},
  year={2019},
  publisher={Nature Publishing Group}
}
@article{cybenko1989approximation,
  title={Approximation by superpositions of a sigmoidal function},
  author={Cybenko, George},
  journal={Mathematics of control, signals and systems},
  volume={2},
  number={4},
  pages={303--314},
  year={1989},
  publisher={Springer}
}
@inproceedings{isola2017image,
  title={Image-to-image translation with conditional adversarial networks},
  author={Isola, Phillip and Zhu, Jun-Yan and Zhou, Tinghui and Efros, Alexei A},
  booktitle={Proceedings of the IEEE conference on computer vision and pattern recognition},
  pages={1125--1134},
  year={2017}
}
@inproceedings{gal2017deep,
  title={Deep bayesian active learning with image data},
  author={Gal, Yarin and Islam, Riashat and Ghahramani, Zoubin},
  booktitle={Proceedings of the 34th International Conference on Machine Learning-Volume 70},
  pages={1183--1192},
  year={2017},
  organization={JMLR. org}
}
@techreport{bishop1994mixture,
  title={Mixture density networks},
  author={Bishop, Christopher M},
  year={1994},
  institution={Citeseer}
}
@inproceedings{guzman2012multiple,
  title={Multiple choice learning: Learning to produce multiple structured outputs},
  author={Guzman-Rivera, Abner and Batra, Dhruv and Kohli, Pushmeet},
  booktitle={Advances in Neural Information Processing Systems},
  pages={1799--1807},
  year={2012}
}
@inproceedings{kohl2018probabilistic,
  title={A probabilistic u-net for segmentation of ambiguous images},
  author={Kohl, Simon and Romera-Paredes, Bernardino and Meyer, Clemens and De Fauw, Jeffrey and Ledsam, Joseph R and Maier-Hein, Klaus and Eslami, SM Ali and Rezende, Danilo Jimenez and Ronneberger, Olaf},
  booktitle={Advances in Neural Information Processing Systems},
  pages={6965--6975},
  year={2018}
}
@inproceedings{bouchacourt2016disco,
  title={Disco nets: Dissimilarity coefficients networks},
  author={Bouchacourt, Diane and Mudigonda, Pawan K and Nowozin, Sebastian},
  booktitle={Advances in Neural Information Processing Systems},
  pages={352--360},
  year={2016}
}
@article{rezende2015variational,
  title={Variational inference with normalizing flows},
  author={Rezende, Danilo Jimenez and Mohamed, Shakir},
  journal={arXiv preprint arXiv:1505.05770},
  year={2015}
}
@inproceedings{kingma2016improved,
  title={Improved variational inference with inverse autoregressive flow},
  author={Kingma, Durk P and Salimans, Tim and Jozefowicz, Rafal and Chen, Xi and Sutskever, Ilya and Welling, Max},
  booktitle={Advances in neural information processing systems},
  pages={4743--4751},
  year={2016}
}
@inproceedings{papamakarios2017masked,
  title={Masked autoregressive flow for density estimation},
  author={Papamakarios, George and Pavlakou, Theo and Murray, Iain},
  booktitle={Advances in Neural Information Processing Systems},
  pages={2338--2347},
  year={2017}
}
@inproceedings{odena2017conditional,
  title={Conditional image synthesis with auxiliary classifier gans},
  author={Odena, Augustus and Olah, Christopher and Shlens, Jonathon},
  booktitle={Proceedings of the 34th International Conference on Machine Learning-Volume 70},
  pages={2642--2651},
  year={2017},
  organization={JMLR. org}
}
@inproceedings{huang2018multimodal,
  title={Multimodal unsupervised image-to-image translation},
  author={Huang, Xun and Liu, Ming-Yu and Belongie, Serge and Kautz, Jan},
  booktitle={Proceedings of the European Conference on Computer Vision (ECCV)},
  pages={172--189},
  year={2018}
}
@inproceedings{lee2018diverse,
  title={Diverse image-to-image translation via disentangled representations},
  author={Lee, Hsin-Ying and Tseng, Hung-Yu and Huang, Jia-Bin and Singh, Maneesh and Yang, Ming-Hsuan},
  booktitle={Proceedings of the European Conference on Computer Vision (ECCV)},
  pages={35--51},
  year={2018}
}
@inproceedings{chandra2016fast,
  title={Fast, exact and multi-scale inference for semantic image segmentation with deep gaussian crfs},
  author={Chandra, Siddhartha and Kokkinos, Iasonas},
  booktitle={European Conference on Computer Vision},
  pages={402--418},
  year={2016},
  organization={Springer}
}
@article{oh2019radial,
  title={Radial and Directional Posteriors for Bayesian Neural Networks},
  author={Oh, Changyong and Adamczewski, Kamil and Park, Mijung},
  journal={arXiv preprint arXiv:1902.02603},
  year={2019}
}
@inproceedings{louizos2016structured,
  title={Structured and efficient variational deep learning with matrix gaussian posteriors},
  author={Louizos, Christos and Welling, Max},
  booktitle={International Conference on Machine Learning},
  pages={1708--1716},
  year={2016}
}
@article{krueger2017bayesian,
  title={Bayesian hypernetworks},
  author={Krueger, David and Huang, Chin-Wei and Islam, Riashat and Turner, Ryan and Lacoste, Alexandre and Courville, Aaron},
  journal={arXiv preprint arXiv:1710.04759},
  year={2017}
}
@article{zhang2019cyclical,
  title={Cyclical Stochastic Gradient MCMC for Bayesian Deep Learning},
  author={Zhang, Ruqi and Li, Chunyuan and Zhang, Jianyi and Chen, Changyou and Wilson, Andrew Gordon},
  journal={arXiv preprint arXiv:1902.03932},
  year={2019}
}
@article{pawlowski2017implicit,
  title={Implicit weight uncertainty in neural networks},
  author={Pawlowski, Nick and Brock, Andrew and Lee, Matthew CH and Rajchl, Martin and Glocker, Ben},
  journal={arXiv preprint arXiv:1711.01297},
  year={2017}
}
@inproceedings{louizos2017multiplicative,
  title={Multiplicative normalizing flows for variational bayesian neural networks},
  author={Louizos, Christos and Welling, Max},
  booktitle={Proceedings of the 34th International Conference on Machine Learning-Volume 70},
  pages={2218--2227},
  year={2017},
  organization={JMLR. org}
}
@inproceedings{blumberg2018deeper,
  title={Deeper image quality transfer: Training low-memory neural networks for 3D images},
  author={Blumberg, Stefano B and Tanno, Ryutaro and Kokkinos, Iasonas and Alexander, Daniel C},
  booktitle={International Conference on Medical Image Computing and Computer-Assisted Intervention},
  pages={118--125},
  year={2018},
  organization={Springer}
}
@article{gorriz2017cost,
  title={Cost-effective active learning for melanoma segmentation},
  author={Gorriz, Marc and Carlier, Axel and Faure, Emmanuel and Giro-i-Nieto, Xavier},
  journal={arXiv preprint arXiv:1711.09168},
  year={2017}
}
@article{baweja2018towards,
  title={Towards continual learning in medical imaging},
  author={Baweja, Chaitanya and Glocker, Ben and Kamnitsas, Konstantinos},
  journal={arXiv preprint arXiv:1811.02496},
  year={2018}
}
@inproceedings{kamnitsas2017unsupervised,
  title={Unsupervised domain adaptation in brain lesion segmentation with adversarial networks},
  author={Kamnitsas, Konstantinos and Baumgartner, Christian and Ledig, Christian and Newcombe, Virginia and Simpson, Joanna and Kane, Andrew and Menon, David and Nori, Aditya and Criminisi, Antonio and Rueckert, Daniel and others},
  booktitle={International conference on information processing in medical imaging},
  pages={597--609},
  year={2017},
  organization={Springer}
}
@inproceedings{nguyen2017variational,
  title={Variational continual learning},
  author={Nguyen, Cuong V and Li, Yingzhen and Bui, Thang D and Turner, Richard E},
  booktitle={International Conference on Learning Representations},
  year={2018}
}
@article{kirkpatrick2017overcoming,
  title={Overcoming catastrophic forgetting in neural networks},
  author={Kirkpatrick, James and Pascanu, Razvan and Rabinowitz, Neil and Veness, Joel and Desjardins, Guillaume and Rusu, Andrei A and Milan, Kieran and Quan, John and Ramalho, Tiago and Grabska-Barwinska, Agnieszka and others},
  journal={Proceedings of the national academy of sciences},
  volume={114},
  number={13},
  pages={3521--3526},
  year={2017},
  publisher={National Acad Sciences}
}
@inproceedings{karani2018lifelong,
  title={A lifelong learning approach to brain mr segmentation across scanners and protocols},
  author={Karani, Neerav and Chaitanya, Krishna and Baumgartner, Christian and Konukoglu, Ender},
  booktitle={International Conference on Medical Image Computing and Computer-Assisted Intervention},
  pages={476--484},
  year={2018},
  organization={Springer}
}
@incollection{thrun1998lifelong,
  title={Lifelong learning algorithms},
  author={Thrun, Sebastian},
  booktitle={Learning to learn},
  pages={181--209},
  year={1998},
  publisher={Springer}
}
@techreport{settles2009active,
  title={Active learning literature survey},
  author={Settles, Burr},
  year={2009},
  institution={University of Wisconsin-Madison Department of Computer Sciences}
}
@article{jiang2008literature,
  title={A literature survey on domain adaptation of statistical classifiers},
  author={Jiang, Jing},
  journal={URL: http://sifaka. cs. uiuc. edu/jiang4/domainadaptation/survey},
  volume={3},
  pages={1--12},
  year={2008}
}
@article{pan2010survey,
  title={A survey on transfer learning},
  author={Pan, Sinno Jialin and Yang, Qiang},
  journal={IEEE Transactions on knowledge and data engineering},
  volume={22},
  number={10},
  pages={1345--1359},
  year={2010},
  publisher={IEEE}
}
@inproceedings{finn2018probabilistic,
  title={Probabilistic model-agnostic meta-learning},
  author={Finn, Chelsea and Xu, Kelvin and Levine, Sergey},
  booktitle={Advances in Neural Information Processing Systems},
  pages={9516--9527},
  year={2018}
}
@inproceedings{yoon2018bayesian,
  title={Bayesian model-agnostic meta-learning},
  author={Yoon, Jaesik and Kim, Taesup and Dia, Ousmane and Kim, Sungwoong and Bengio, Yoshua and Ahn, Sungjin},
  booktitle={Advances in Neural Information Processing Systems},
  pages={7332--7342},
  year={2018}
}
@article{hora1996aleatory,
  title={Aleatory and epistemic uncertainty in probability elicitation with an example from hazardous waste management},
  author={Hora, Stephen C},
  journal={Reliability Engineering \& System Safety},
  volume={54},
  number={2-3},
  pages={217--223},
  year={1996},
  publisher={Elsevier}
}
@inproceedings{ye2013modality,
  title={Modality propagation: coherent synthesis of subject-specific scans with data-driven regularization},
  author={Ye, Dong Hye and Zikic, Darko and Glocker, Ben and Criminisi, Antonio and Konukoglu, Ender},
  booktitle={International Conference on Medical Image Computing and Computer-Assisted Intervention},
  pages={606--613},
  year={2013},
  organization={Springer}
}
@incollection{rousseau2008brain,
	title={Brain hallucination},
	author={Rousseau, Fran{\c{c}}ois},
	booktitle={ECCV 2008},
	pages={497--508},
	year={2008},
	publisher={Springer}
}
@article{jog2015mr,
  title={{MR} image synthesis by contrast learning on neighborhood ensembles},
  author={Jog, Amod and Carass, Aaron and Roy, Snehashis and Pham, Dzung L and Prince, Jerry L},
  journal={Medical image analysis},
  volume={24},
  number={1},
  pages={63--76},
  year={2015},
  publisher={Elsevier}
}
@inproceedings{burgos2015robust,
  title={Robust {CT} synthesis for radiotherapy planning: Application to the head and neck region},
  author={Burgos, Ninon and Cardoso, M Jorge and Guerreiro, Filipa and Veiga, Catarina and Modat, Marc and McClelland, Jamie and Knopf, Antje-Christin and Punwani, Shonit and Atkinson, David and Arridge, Simon R and others},
  booktitle={International Conference on Medical Image Computing and Computer-Assisted Intervention},
  pages={476--484},
  year={2015},
  organization={Springer}
}
@inproceedings{sun2016deep,
  title={Deep ADMM-Net for compressive sensing MRI},
  author={Sun, Jian and Li, Huibin and Xu, Zongben and others},
  booktitle={Advances in neural information processing systems},
  pages={10--18},
  year={2016}
}
@article{han2018deep,
  title={Deep learning with domain adaptation for accelerated projection-reconstruction MR},
  author={Han, Yoseob and Yoo, Jaejun and Kim, Hak Hee and Shin, Hee Jung and Sung, Kyunghyun and Ye, Jong Chul},
  journal={Magnetic resonance in medicine},
  volume={80},
  number={3},
  pages={1189--1205},
  year={2018},
  publisher={Wiley Online Library}
}
@article{han2018deep,
  title={Deep learning with domain adaptation for accelerated projection-reconstruction MR},
  author={Han, Yoseob and Yoo, Jaejun and Kim, Hak Hee and Shin, Hee Jung and Sung, Kyunghyun and Ye, Jong Chul},
  journal={Magnetic resonance in medicine},
  volume={80},
  number={3},
  pages={1189--1205},
  year={2018},
  publisher={Wiley Online Library}
}
@article{yoon2019efficient,
  title={Efficient b-mode ultrasound image reconstruction from sub-sampled rf data using deep learning},
  author={Yoon, Yeo Hun and Khan, Shujaat and Huh, Jaeyoung and Ye, Jong Chul},
  journal={IEEE transactions on medical imaging},
  volume={38},
  number={2},
  pages={325--336},
  year={2019},
  publisher={IEEE}
}
@article{figini2018prediction,
  title={Prediction of isocitrate dehydrogenase genotype in brain gliomas with MRI: single-shell versus multishell diffusion models},
  author={Figini, Matteo and Riva, Marco and Graham, Mark and Castelli, Gian Marco and Fernandes, Bethania and Grimaldi, Marco and Baselli, Giuseppe and Pessina, Federico and Bello, Lorenzo and Zhang, Hui and others},
  journal={Radiology},
  volume={289},
  number={3},
  pages={788--796},
  year={2018},
  publisher={Radiological Society of North America}
}
@article{cohen2018mr,
  title={MR fingerprinting deep reconstruction network (DRONE)},
  author={Cohen, Ouri and Zhu, Bo and Rosen, Matthew S},
  journal={Magnetic resonance in medicine},
  volume={80},
  number={3},
  pages={885--894},
  year={2018},
  publisher={Wiley Online Library}
}
@article{ma2013magnetic,
  title={Magnetic resonance fingerprinting},
  author={Ma, Dan and Gulani, Vikas and Seiberlich, Nicole and Liu, Kecheng and Sunshine, Jeffrey L and Duerk, Jeffrey L and Griswold, Mark A},
  journal={Nature},
  volume={495},
  number={7440},
  pages={187},
  year={2013},
  publisher={Nature Publishing Group}
}
@article{tax2019cross,
  title={Cross-scanner and cross-protocol diffusion MRI data harmonisation: A benchmark database and evaluation of algorithms},
  author={Tax, Chantal MW and Grussu, Francesco and Kaden, Enrico and Ning, Lipeng and Rudrapatna, Umesh and Evans, John and St-Jean, Samuel and Leemans, Alexander and Koppers, Simon and Merhof, Dorit and others},
  journal={NeuroImage},
  year={2019},
  publisher={Elsevier}
}
@article{mirzaalian2016inter,
  title={Inter-site and inter-scanner diffusion MRI data harmonization},
  author={Mirzaalian, Hengameh and Ning, Lipeng and Savadjiev, Peter and Pasternak, Ofer and Bouix, Sylvain and Michailovich, O and Grant, G and Marx, CE and Morey, Rajendra A and Flashman, LA and others},
  journal={NeuroImage},
  volume={135},
  pages={311--323},
  year={2016},
  publisher={Elsevier}
}
@article{roy2019bayesian,
  title={Bayesian QuickNAT: Model uncertainty in deep whole-brain segmentation for structure-wise quality control},
  author={Roy, Abhijit Guha and Conjeti, Sailesh and Navab, Nassir and Wachinger, Christian and Alzheimer's Disease Neuroimaging Initiative and others},
  journal={NeuroImage},
  year={2019},
  publisher={Elsevier}
}
@inproceedings{Raghu2018DirectUP,
  title={Direct Uncertainty Prediction for Medical Second Opinions},
  author={Maithra Raghu and Katy Blumer and Rory Sayres and Ziad Obermeyer and Sendhil Mullainathan and Jon M. Kleinberg},
  year={2018}
}
@article{odena2016deconvolution,
  author = {Odena, Augustus and Dumoulin, Vincent and Olah, Chris},
  title = {Deconvolution and Checkerboard Artifacts},
  journal = {Distill},
  year = {2016},
  url = {http://distill.pub/2016/deconv-checkerboard},
  doi = {10.23915/distill.00003}
}
@article{chen2017low,
  title={Low-dose CT via convolutional neural network},
  author={Chen, Hu and Zhang, Yi and Zhang, Weihua and Liao, Peixi and Li, Ke and Zhou, Jiliu and Wang, Ge},
  journal={Biomedical optics express},
  volume={8},
  number={2},
  pages={679--694},
  year={2017},
  publisher={Optical Society of America}
}
@article{tournier2012mrtrix,
  title={MRtrix: diffusion tractography in crossing fiber regions},
  author={Tournier, J-Donald and Calamante, Fernando and Connelly, Alan},
  journal={International journal of imaging systems and technology},
  volume={22},
  number={1},
  pages={53--66},
  year={2012},
  publisher={Wiley Online Library}
}
@article{wang1996intrinsic,
  title={Intrinsic uncertainty and integration efficiency in bisection acuity},
  author={Wang, Hong and Levi, Dennis M and Klein, Stanley A},
  journal={Vision research},
  volume={36},
  number={5},
  pages={717--739},
  year={1996},
  publisher={Elsevier}
}
@article{draper1995assessment,
  title={Assessment and propagation of model uncertainty},
  author={Draper, David},
  journal={Journal of the Royal Statistical Society: Series B (Methodological)},
  volume={57},
  number={1},
  pages={45--70},
  year={1995},
  publisher={Wiley Online Library}
}
@article{harms2018extending,
  title={Extending the Human Connectome Project across ages: Imaging protocols for the Lifespan Development and Aging projects},
  author={Harms, Michael P and Somerville, Leah H and Ances, Beau M and Andersson, Jesper and Barch, Deanna M and Bastiani, Matteo and Bookheimer, Susan Y and Brown, Timothy B and Buckner, Randy L and Burgess, Gregory C and others},
  journal={NeuroImage},
  volume={183},
  pages={972--984},
  year={2018},
  publisher={Elsevier}
}
@article{blei2017variational,
  title={Variational inference: A review for statisticians},
  author={Blei, David M and Kucukelbir, Alp and McAuliffe, Jon D},
  journal={Journal of the American Statistical Association},
  volume={112},
  number={518},
  pages={859--877},
  year={2017},
  publisher={Taylor \& Francis}
}
@inproceedings{blumberg2018deeper,
  title={Deeper image quality transfer: Training low-memory neural networks for 3D images},
  author={Blumberg, Stefano B and Tanno, Ryutaro and Kokkinos, Iasonas and Alexander, Daniel C},
  booktitle={International Conference on Medical Image Computing and Computer-Assisted Intervention},
  pages={118--125},
  year={2018},
  organization={Springer}
}
@inproceedings{blumberg2019msp,
  title={Multi-Stage Prediction Networks for Data Harmonization},
  author={Blumberg, Stefano B and  Palombo, Marco and Khoo, Can Son and Tax, Chantal and Tanno, Ryutaro and Alexander, Daniel C},
  booktitle={International Conference on Medical Image Computing and Computer-Assisted Intervention},
  year={2019},
  organization={Springer}
}
@article{kaden2016quantitative,
  title={Quantitative mapping of the per-axon diffusion coefficients in brain white matter},
  author={Kaden, Enrico and Kruggel, Frithjof and Alexander, Daniel C},
  journal={Magnetic resonance in medicine},
  volume={75},
  number={4},
  pages={1752--1763},
  year={2016},
  publisher={Wiley Online Library}
}
@inproceedings{PHiSeg2019Baumgartner,
         author={Baumgartner, Christian F. and Tezcan, Kerem C. and
         Chaitanya, Krishna and H{\"o}tker, Andreas M. and
         Muehlematter, Urs J. and Schawkat, Khoschy and Becker, Anton S. and
         Donati, Olivio and Konukoglu, Ender},
         title={{PHiSeg}: Capturing Uncertainty in Medical Image Segmentation},
         booktitle={International Conference on Medical Image Computing and Computer-Assisted Intervention},
	 year ={2019},
}
@inproceedings{PHiSeg2019Baumgartner,
         author={Baumgartner, Christian F. and Tezcan, Kerem C. and
         Chaitanya, Krishna and H{\"o}tker, Andreas M. and
         Muehlematter, Urs J. and Schawkat, Khoschy and Becker, Anton S. and
         Donati, Olivio and Konukoglu, Ender},
         title={{PHiSeg}: Capturing Uncertainty in Medical Image Segmentation},
         booktitle={International Conference on Medical Image Computing and Computer-Assisted Intervention},
	 year ={2019},
}
@inproceedings{kohl2018probabilistic,
  title={A probabilistic u-net for segmentation of ambiguous images},
  author={Kohl, Simon and Romera-Paredes, Bernardino and Meyer, Clemens and De Fauw, Jeffrey and Ledsam, Joseph R and Maier-Hein, Klaus and Eslami, SM Ali and Rezende, Danilo Jimenez and Ronneberger, Olaf},
  booktitle={Advances in Neural Information Processing Systems},
  pages={6965--6975},
  year={2018}
}
@inproceedings{tanno2019learning,
  title={Learning From Noisy Labels By Regularized Estimation Of Annotator Confusion},
  author={Tanno, Ryutaro and Saeedi, Ardavan and Sankaranarayanan, Swami and Alexander, Daniel C and Silberman, Nathan},
  booktitle={Proceedings of the IEEE Conference on Computer Vision and Pattern Recognition},
  year={2019}
}
@inproceedings{hu2019uncertainty,
         author={Shi, Hu and Worrall, Daniel and Veeling, Bas and Huisman, Henkjan and Welling, Max},
         title={Supervised Uncertainty Quantification for Segmentation with Multiple Annotations},
         booktitle={International Conference on Medical Image Computing and Computer-Assisted Intervention},
	 year ={2019},
}
@article{raykar2010learning,
  title={Learning from crowds},
  author={Raykar, Vikas C and Yu, Shipeng and Zhao, Linda H and Valadez, Gerardo Hermosillo and Florin, Charles and Bogoni, Luca and Moy, Linda},
  journal={Journal of Machine Learning Research},
  volume={11},
  number={Apr},
  pages={1297--1322},
  year={2010}
}
@article{ravi2019adversarial,
  title={Adversarial training with cycle consistency for unsupervised super-resolution in endomicroscopy},
  author={Rav{\`\i}, Daniele and Szczotka, Agnieszka Barbara and Pereira, Stephen P and Vercauteren, Tom},
  journal={Medical image analysis},
  volume={53},
  pages={123--131},
  year={2019},
  publisher={Elsevier}
}
